,id,price,qty,quoteQty,time,isBuyerMaker,isBestMatch
0,123928298,222.81000000,0.31738000,70.71543780,1582909517424,True,True
1,123928299,222.81000000,1.23000000,274.05630000,1582909517785,True,True
2,123928300,222.81000000,4.85311000,1081.32143910,1582909517785,True,True
3,123928301,222.82000000,0.32909000,73.32783380,1582909517803,False,True
4,123928302,222.88000000,0.67226000,149.83330880,1582909517803,False,True
5,123928303,222.82000000,0.30129000,67.13343780,1582909518208,True,True
6,123928304,222.85000000,1.01813000,226.89027050,1582909520402,False,True
7,123928305,222.84000000,0.05204000,11.59659360,1582909521571,False,True
8,123928306,222.86000000,6.10354000,1360.23492440,1582909522076,False,True
9,123928307,222.86000000,3.36535000,750.00190100,1582909522079,False,True
10,123928308,222.86000000,3.13747000,699.21656420,1582909522125,False,True
11,123928309,222.84000000,0.66681000,148.59194040,1582909522382,True,True
12,123928310,222.88000000,0.32774000,73.04669120,1582909522819,False,True
13,123928311,222.89000000,1.01183000,225.52678870,1582909522885,False,True
14,123928312,222.89000000,5.35778000,1194.19558420,1582909522934,False,True
15,123928313,222.89000000,0.86200000,192.13118000,1582909523939,False,True
16,123928314,222.89000000,92.52511000,20622.92176790,1582909523961,False,True
17,123928315,222.88000000,0.07567000,16.86532960,1582909524445,True,True
18,123928316,222.89000000,1.00326000,223.61662140,1582909525386,False,True
19,123928317,222.89000000,1.80000000,401.20200000,1582909526223,False,True
20,123928318,222.89000000,0.10000000,22.28900000,1582909526238,False,True
21,123928319,222.89000000,0.20000000,44.57800000,1582909526256,False,True
22,123928320,222.89000000,3.25000000,724.39250000,1582909526313,False,True
23,123928321,222.82000000,1.75451000,390.93991820,1582909527270,True,True
24,123928322,222.81000000,1.75462000,390.94688220,1582909527270,True,True
25,123928323,222.81000000,7.66572000,1707.99907320,1582909527270,True,True
26,123928324,222.80000000,1.75447000,390.89591600,1582909527270,True,True
27,123928325,222.80000000,4.44767000,990.94087600,1582909527300,False,True
28,123928326,222.88000000,7.66572000,1708.53567360,1582909527375,False,True
29,123928327,222.88000000,5.08880000,1134.19174400,1582909527375,False,True
30,123928328,222.89000000,0.08705000,19.40257450,1582909527375,False,True
31,123928329,222.89000000,1.00428000,223.84396920,1582909527903,False,True
32,123928330,222.89000000,7.35200000,1638.68728000,1582909528239,False,True
33,123928331,222.89000000,15.19500000,3386.81355000,1582909528308,False,True
34,123928332,222.89000000,40.59200000,9047.55088000,1582909528309,False,True
35,123928333,222.89000000,3.33700000,743.78393000,1582909528313,False,True
36,123928334,222.89000000,1.40900000,314.05201000,1582909528448,False,True
37,123928335,222.89000000,1.55400000,346.37106000,1582909528453,False,True
38,123928336,222.87000000,0.34243000,76.31737410,1582909528586,True,True
39,123928337,222.87000000,0.26485000,59.02711950,1582909528703,True,True
40,123928338,222.89000000,15.08000000,3361.18120000,1582909529752,False,True
41,123928339,222.89000000,36.79400000,8201.01466000,1582909529755,False,True
42,123928340,222.89000000,12.82800000,2859.23292000,1582909529759,False,True
43,123928341,222.89000000,12.57300000,2802.39597000,1582909529769,False,True
44,123928342,222.89000000,1.00523000,224.05571470,1582909529781,False,True
45,123928343,222.89000000,0.10000000,22.28900000,1582909529790,False,True
46,123928344,222.89000000,117.12786000,26106.62871540,1582909529832,False,True
47,123928345,222.89000000,5.49380000,1224.51308200,1582909529842,False,True
48,123928346,222.89000000,4.50000000,1003.00500000,1582909529845,False,True
49,123928347,222.89000000,7.55998000,1685.04394220,1582909529849,False,True
50,123928348,222.89000000,2.25000000,501.50250000,1582909529856,False,True
51,123928349,222.89000000,2.00000000,445.78000000,1582909529856,False,True
52,123928350,222.89000000,2.25000000,501.50250000,1582909529859,False,True
53,123928351,222.89000000,0.22540000,50.23940600,1582909529877,False,True
54,123928352,222.89000000,26.85171000,5984.97764190,1582909529879,False,True
55,123928353,222.89000000,2.00000000,445.78000000,1582909529895,False,True
56,123928354,222.89000000,4.00000000,891.56000000,1582909529902,False,True
57,123928355,222.89000000,29.84664000,6652.51758960,1582909529905,False,True
58,123928356,222.89000000,5.58229000,1244.23661810,1582909529912,False,True
59,123928357,222.89000000,1.50000000,334.33500000,1582909529914,False,True
60,123928358,222.89000000,8.58295000,1913.05372550,1582909529914,False,True
61,123928359,222.89000000,7.05844000,1573.25569160,1582909529932,False,True
62,123928360,222.89000000,12.17700000,2714.13153000,1582909529946,False,True
63,123928361,222.89000000,14.99800000,3342.90422000,1582909529948,False,True
64,123928362,222.89000000,3.85000000,858.12650000,1582909529950,False,True
65,123928363,222.89000000,1.00000000,222.89000000,1582909530035,False,True
66,123928364,222.89000000,0.50000000,111.44500000,1582909530047,False,True
67,123928365,222.89000000,3.50000000,780.11500000,1582909530050,False,True
68,123928366,222.89000000,1.50000000,334.33500000,1582909530054,False,True
69,123928367,222.89000000,4.00000000,891.56000000,1582909530061,False,True
70,123928368,222.89000000,0.50000000,111.44500000,1582909530062,False,True
71,123928369,222.89000000,4.00000000,891.56000000,1582909530067,False,True
72,123928370,222.89000000,2.00000000,445.78000000,1582909530073,False,True
73,123928371,222.89000000,0.50000000,111.44500000,1582909530077,False,True
74,123928372,222.89000000,14.50000000,3231.90500000,1582909530081,False,True
75,123928373,222.89000000,41.63010000,9278.93298900,1582909530106,False,True
76,123928374,222.88000000,0.38426000,85.64386880,1582909530109,True,True
77,123928375,222.89000000,0.13200000,29.42148000,1582909530118,False,True
78,123928376,222.89000000,0.50000000,111.44500000,1582909530118,False,True
79,123928377,222.89000000,0.50000000,111.44500000,1582909530134,False,True
80,123928378,222.89000000,0.50000000,111.44500000,1582909530139,False,True
81,123928379,222.89000000,3.11574000,694.46728860,1582909530140,False,True
82,123928380,222.89000000,25.57790000,5701.05813100,1582909530141,False,True
83,123928381,222.89000000,3.00000000,668.67000000,1582909530162,False,True
84,123928382,222.89000000,1.00000000,222.89000000,1582909530182,False,True
85,123928383,222.89000000,0.50000000,111.44500000,1582909530186,False,True
86,123928384,222.89000000,2.00000000,445.78000000,1582909530191,False,True
87,123928385,222.89000000,13.48700000,3006.11743000,1582909530252,False,True
88,123928386,222.89000000,1.50000000,334.33500000,1582909530255,False,True
89,123928387,222.89000000,5.00000000,1114.45000000,1582909530255,False,True
90,123928388,222.89000000,3.80400000,847.87356000,1582909530256,False,True
91,123928389,222.89000000,38.62900000,8610.01781000,1582909530260,False,True
92,123928390,222.89000000,43.26698000,9643.77717220,1582909530262,False,True
93,123928391,222.89000000,0.15000000,33.43350000,1582909530262,False,True
94,123928392,222.94000000,0.38298000,85.38156120,1582909530262,False,True
95,123928393,222.95000000,0.77398000,172.55884100,1582909530262,False,True
96,123928394,222.95000000,1.54791000,345.10653450,1582909530262,False,True
97,123928395,222.96000000,1.41000000,314.37360000,1582909530262,False,True
98,123928396,222.97000000,12.46815000,2780.02340550,1582909530262,False,True
99,123928397,222.97000000,3.40800000,759.88176000,1582909530304,False,True
100,123928398,222.97000000,0.10000000,22.29700000,1582909530304,False,True
101,123928399,222.97000000,6.46449000,1441.38733530,1582909530317,False,True
102,123928400,222.99000000,4.54092000,1012.57975080,1582909530317,False,True
103,123928401,223.00000000,25.55159000,5698.00457000,1582909530317,False,True
104,123928402,223.00000000,0.17933000,39.99059000,1582909530429,False,True
105,123928403,223.00000000,2.32305000,518.04015000,1582909530448,False,True
106,123928404,222.93000000,0.34244000,76.34014920,1582909530641,True,True
107,123928405,223.00000000,61.37100000,13685.73300000,1582909530875,False,True
108,123928406,223.00000000,0.10000000,22.30000000,1582909531020,False,True
109,123928407,223.00000000,2.00000000,446.00000000,1582909531113,False,True
110,123928408,223.00000000,1.00539000,224.20197000,1582909531137,False,True
111,123928409,223.00000000,0.31000000,69.13000000,1582909531196,False,True
112,123928410,222.95000000,0.64879000,144.64773050,1582909531235,True,True
113,123928411,223.00000000,0.30533000,68.08859000,1582909531238,False,True
114,123928412,223.00000000,0.06857000,15.29111000,1582909531360,False,True
115,123928413,222.98000000,1.00000000,222.98000000,1582909531555,True,True
116,123928414,222.96000000,0.44184000,98.51264640,1582909531555,True,True
117,123928415,223.00000000,0.78027000,174.00021000,1582909531587,False,True
118,123928416,223.00000000,7.98808000,1781.34184000,1582909531669,False,True
119,123928417,223.00000000,1.07040000,238.69920000,1582909531669,False,True
120,123928418,223.00000000,0.20000000,44.60000000,1582909531669,False,True
121,123928419,223.00000000,1.54812000,345.23076000,1582909531669,False,True
122,123928420,223.04000000,0.05322000,11.87018880,1582909531760,False,True
123,123928421,223.04000000,0.10000000,22.30400000,1582909531959,False,True
124,123928422,222.99000000,0.07503000,16.73093970,1582909532068,True,True
125,123928423,223.04000000,1.03370000,230.55644800,1582909532174,False,True
126,123928424,223.04000000,0.05911000,13.18389440,1582909532310,False,True
127,123928425,223.04000000,3.00397000,670.00546880,1582909532741,False,True
128,123928426,223.05000000,0.77393000,172.62508650,1582909532791,False,True
129,123928427,223.10000000,1.22607000,273.53621700,1582909532791,False,True
130,123928428,223.10000000,1.02172000,227.94573200,1582909533224,False,True
131,123928429,223.10000000,0.10000000,22.31000000,1582909533261,False,True
132,123928430,223.03000000,0.05284000,11.78490520,1582909533561,True,True
133,123928431,223.10000000,0.29983000,66.89207300,1582909533605,False,True
134,123928432,223.10000000,1.03652000,231.24761200,1582909534296,False,True
135,123928433,223.10000000,0.33300000,74.29230000,1582909534614,False,True
136,123928434,223.10000000,0.10000000,22.31000000,1582909534718,False,True
137,123928435,223.10000000,0.88286000,196.96606600,1582909534740,False,True
138,123928436,223.14000000,1.11714000,249.27861960,1582909534740,False,True
139,123928437,223.09000000,1.01369000,226.14410210,1582909535361,False,True
140,123928438,223.06000000,5.47300000,1220.80738000,1582909535461,False,True
141,123928439,223.06000000,4.00000000,892.24000000,1582909535578,False,True
142,123928440,223.06000000,18.47600000,4121.25656000,1582909535671,False,True
143,123928441,223.09000000,0.07503000,16.73844270,1582909536001,False,True
144,123928442,223.10000000,0.14816000,33.05449600,1582909536001,False,True
145,123928443,223.04000000,0.08000000,17.84320000,1582909536220,True,True
146,123928444,223.04000000,1.00000000,223.04000000,1582909536302,True,True
147,123928445,223.04000000,0.12839000,28.63610560,1582909536312,True,True
148,123928446,223.04000000,2.00000000,446.08000000,1582909536312,True,True
149,123928447,223.04000000,3.00000000,669.12000000,1582909536312,True,True
150,123928448,223.07000000,1.01547000,226.52089290,1582909536360,False,True
151,123928449,223.05000000,1.75200000,390.78360000,1582909536422,False,True
152,123928450,223.05000000,10.00000000,2230.50000000,1582909536462,False,True
153,123928451,223.07000000,8.69200000,1938.92444000,1582909536462,False,True
154,123928452,223.03000000,3.86100000,861.11883000,1582909536608,False,True
155,123928453,223.03000000,0.10000000,22.30300000,1582909536669,False,True
156,123928454,223.03000000,2.00000000,446.06000000,1582909536678,False,True
157,123928455,223.02000000,0.76814000,171.31058280,1582909537133,False,True
158,123928456,223.02000000,0.70286000,156.75183720,1582909537133,False,True
159,123928457,223.02000000,9.29700000,2073.41694000,1582909537235,False,True
160,123928458,223.13000000,1.00141000,223.44461330,1582909537368,False,True
161,123928459,223.08000000,0.29994000,66.91061520,1582909537655,False,True
162,123928460,223.06000000,1.00288000,223.70241280,1582909538386,False,True
163,123928461,223.06000000,8.99712000,2006.89758720,1582909538415,False,True
164,123928462,223.06000000,6.73188000,1501.61315280,1582909538415,False,True
165,123928463,223.04000000,10.00000000,2230.40000000,1582909539305,True,True
166,123928464,223.02000000,1.43494000,320.02031880,1582909539305,True,True
167,123928465,223.00000000,9.96767000,2222.79041000,1582909539305,True,True
168,123928466,222.99000000,10.00000000,2229.90000000,1582909539305,True,True
169,123928467,222.98000000,1.00000000,222.98000000,1582909539305,True,True
170,123928468,222.98000000,8.88000000,1980.06240000,1582909539305,True,True
171,123928469,222.98000000,4.79361000,1068.87915780,1582909539305,True,True
172,123928470,222.97000000,1.37589000,306.78219330,1582909539305,True,True
173,123928471,222.94000000,6.86000000,1529.36840000,1582909539305,True,True
174,123928472,222.91000000,6.50000000,1448.91500000,1582909539305,True,True
175,123928473,222.90000000,8.73912000,1947.94984800,1582909539305,True,True
176,123928474,222.89000000,45.44877000,10130.07634530,1582909539305,True,True
177,123928475,223.03000000,1.71271000,381.98571130,1582909539383,True,True
178,123928476,223.03000000,2.19656000,489.89877680,1582909539400,True,True
179,123928477,223.09000000,1.01812000,227.13239080,1582909539409,False,True
180,123928478,223.08000000,0.08900000,19.85412000,1582909539490,False,True
181,123928479,223.07000000,1.00000000,223.07000000,1582909539530,False,True
182,123928480,223.06000000,1.75200000,390.80112000,1582909539690,False,True
183,123928481,223.06000000,0.00077000,0.17175620,1582909539787,False,True
184,123928482,223.07000000,0.58657000,130.84616990,1582909539787,False,True
185,123928483,223.07000000,0.16600000,37.02962000,1582909539833,False,True
186,123928484,223.07000000,0.00020000,0.04461400,1582909539948,False,True
187,123928485,223.08000000,0.05348000,11.93031840,1582909539948,False,True
188,123928486,223.03000000,0.00001000,0.00223030,1582909539973,True,True
189,123928487,223.03000000,8.96679000,1999.86317370,1582909539973,True,True
190,123928488,223.03000000,1.03321000,230.43682630,1582909539983,True,True
191,123928489,223.02000000,5.07102000,1130.93888040,1582909539983,True,True
192,123928490,223.01000000,0.98330000,219.28573300,1582909539983,True,True
193,123928491,222.94000000,1.40400000,313.00776000,1582909539983,True,True
194,123928492,222.92000000,1.50848000,336.27036160,1582909539983,True,True
195,123928493,222.92000000,1.63306000,364.04173520,1582909539990,True,True
196,123928494,222.98000000,0.59000000,131.55820000,1582909540162,True,True
197,123928495,223.04000000,0.20800000,46.39232000,1582909540187,False,True
198,123928496,222.97000000,0.33610000,74.94021700,1582909540359,True,True
199,123928497,223.00000000,1.00119000,223.26537000,1582909540411,False,True
200,123928498,222.99000000,1.00240000,223.52517600,1582909540625,False,True
201,123928499,222.97000000,6.00000000,1337.82000000,1582909540886,False,True
202,123928500,222.97000000,0.17043000,38.00077710,1582909541139,False,True
203,123928501,222.97000000,1.00321000,223.68573370,1582909541439,False,True
204,123928502,222.97000000,0.30008000,66.90883760,1582909541669,False,True
205,123928503,222.97000000,0.43072000,96.03763840,1582909541673,False,True
206,123928504,222.89000000,2.73280000,609.11379200,1582909541741,True,True
207,123928505,222.89000000,1.00000000,222.89000000,1582909541754,True,True
208,123928506,222.89000000,0.04643000,10.34878270,1582909541755,True,True
209,123928507,222.89000000,2.31824000,516.71251360,1582909541755,True,True
210,123928508,222.85000000,1.37589000,306.61708650,1582909542177,True,True
211,123928509,222.84000000,0.38466000,85.71763440,1582909542177,True,True
212,123928510,222.80000000,3.23945000,721.74946000,1582909542177,True,True
213,123928511,222.90000000,1.75431000,391.03569900,1582909542277,False,True
214,123928512,222.90000000,2.01169000,448.40570100,1582909542277,False,True
215,123928513,222.81000000,0.38508000,85.79967480,1582909542308,True,True
216,123928514,222.87000000,1.03158000,229.90823460,1582909542494,False,True
217,123928515,222.76000000,0.77400000,172.41624000,1582909542675,True,True
218,123928516,222.75000000,0.18117000,40.35561750,1582909542675,True,True
219,123928517,222.74000000,3.47600000,774.24424000,1582909542675,True,True
220,123928518,222.74000000,0.77400000,172.40076000,1582909542724,True,True
221,123928519,222.73000000,1.37589000,306.45197970,1582909542724,True,True
222,123928520,222.72000000,1.50000000,334.08000000,1582909542724,True,True
223,123928521,222.72000000,1.62600000,362.14272000,1582909542724,True,True
224,123928522,222.72000000,0.77400000,172.38528000,1582909542737,True,True
225,123928523,222.71000000,6.52589000,1453.38096190,1582909542737,True,True
226,123928524,222.81000000,4.95608000,1104.26418480,1582909542900,False,True
227,123928525,222.82000000,1.04392000,232.60625440,1582909542900,False,True
228,123928526,222.82000000,1.95700000,436.05874000,1582909542925,False,True
229,123928527,222.82000000,1.59000000,354.28380000,1582909543005,False,True
230,123928528,222.82000000,1.14074000,254.17968680,1582909543009,False,True
231,123928529,222.82000000,3.54800000,790.56536000,1582909543221,False,True
232,123928530,222.82000000,0.72034000,160.50615880,1582909543393,False,True
233,123928531,222.82000000,0.38066000,84.81866120,1582909543393,False,True
234,123928532,222.80000000,1.00014000,222.83119200,1582909543541,False,True
235,123928533,222.80000000,1.77000000,394.35600000,1582909543543,False,True
236,123928534,222.80000000,1.82150000,405.83020000,1582909543646,False,True
237,123928535,222.80000000,0.92900000,206.98120000,1582909544149,False,True
238,123928536,222.75000000,0.20935000,46.63271250,1582909544394,True,True
239,123928537,222.80000000,5.70567000,1271.22327600,1582909544628,False,True
240,123928538,222.81000000,10.00000000,2228.10000000,1582909544628,False,True
241,123928539,222.82000000,7.34943000,1637.59999260,1582909544628,False,True
242,123928540,222.84000000,9.04193000,2014.90368120,1582909544628,False,True
243,123928541,222.85000000,42.01956000,9364.05894600,1582909544628,False,True
244,123928542,222.84000000,4.76027000,1060.77856680,1582909544673,False,True
245,123928543,222.85000000,1.23973000,276.27383050,1582909544673,False,True
246,123928544,222.85000000,1.05882000,235.95803700,1582909544684,False,True
247,123928545,222.84000000,4.66817000,1040.25500280,1582909544920,False,True
248,123928546,222.85000000,2.83426000,631.61484100,1582909544920,False,True
249,123928547,222.84000000,0.29985000,66.81857400,1582909545669,False,True
250,123928548,222.84000000,1.00192000,223.26785280,1582909545737,False,True
251,123928549,222.78000000,1.75474000,390.92097720,1582909545850,True,True
252,123928550,222.77000000,0.14248000,31.74026960,1582909545850,True,True
253,123928551,222.77000000,1.75470000,390.89451900,1582909545850,True,True
254,123928552,222.76000000,1.75470000,390.87697200,1582909545850,True,True
255,123928553,222.75000000,1.75482000,390.88615500,1582909545850,True,True
256,123928554,222.74000000,5.02159000,1118.50895660,1582909545850,True,True
257,123928555,222.74000000,6.81697000,1518.41189780,1582909545850,True,True
258,123928556,222.80000000,1.00802000,224.58685600,1582909546831,False,True
259,123928557,222.80000000,1.00265000,223.39042000,1582909547926,False,True
260,123928558,222.80000000,2.00000000,445.60000000,1582909548456,False,True
261,123928559,222.81000000,0.10000000,22.28100000,1582909548459,False,True
262,123928560,222.82000000,1.00023000,222.87124860,1582909549061,False,True
263,123928561,222.82000000,0.10000000,22.28200000,1582909550035,False,True
264,123928562,222.82000000,2.00000000,445.64000000,1582909550043,False,True
265,123928563,222.77000000,0.05269000,11.73775130,1582909550153,True,True
266,123928564,222.81000000,0.14786000,32.94468660,1582909550154,False,True
267,123928565,222.86000000,1.00673000,224.35984780,1582909550182,False,True
268,123928566,222.86000000,0.10000000,22.28600000,1582909550442,False,True
269,123928567,222.86000000,2.00000000,445.72000000,1582909550548,False,True
270,123928568,222.86000000,0.10000000,22.28600000,1582909550638,False,True
271,123928569,222.86000000,2.00000000,445.72000000,1582909551244,False,True
272,123928570,222.86000000,4.03900000,900.13154000,1582909551301,False,True
273,123928571,222.86000000,0.15700000,34.98902000,1582909551520,False,True
274,123928572,222.86000000,1.16587000,259.82578820,1582909551520,False,True
275,123928573,222.86000000,0.08900000,19.83454000,1582909551728,False,True
276,123928574,222.86000000,3.91100000,871.60546000,1582909551839,False,True
277,123928575,222.86000000,0.10000000,22.28600000,1582909552308,False,True
278,123928576,222.86000000,2.00000000,445.72000000,1582909552360,False,True
279,123928577,222.86000000,3.89400000,867.81684000,1582909552361,False,True
280,123928578,222.86000000,1.87804000,418.53999440,1582909552470,False,True
281,123928579,222.89000000,13.20836000,2944.01136040,1582909552470,False,True
282,123928580,222.92000000,1.00022000,222.96904240,1582909552688,False,True
283,123928581,222.92000000,1.00159000,223.27444280,1582909553865,False,True
284,123928582,222.83000000,15.94300000,3552.57869000,1582909554668,True,True
285,123928583,222.82000000,4.85656000,1082.13869920,1582909554668,True,True
286,123928584,222.78000000,10.78600000,2402.90508000,1582909554668,True,True
287,123928585,222.77000000,7.03417000,1567.00205090,1582909554668,True,True
288,123928586,222.84000000,1.00687000,224.37091080,1582909555073,False,True
289,123928587,222.83000000,0.18600000,41.44638000,1582909555752,False,True
290,123928588,222.83000000,1.00310000,223.52077300,1582909556293,False,True
291,123928589,222.82000000,0.25720000,57.30930400,1582909557527,False,True
292,123928590,222.83000000,0.74467000,165.93481610,1582909557527,False,True
293,123928591,222.82000000,3.54700000,790.34254000,1582909558487,False,True
294,123928592,222.82000000,0.10400000,23.17328000,1582909558598,False,True
295,123928593,222.82000000,1.00451000,223.82491820,1582909558792,False,True
296,123928594,222.85000000,1.00586000,224.15590100,1582909560065,False,True
297,123928595,222.79000000,1.10581000,246.36340990,1582909560086,True,True
298,123928596,222.78000000,0.05102000,11.36623560,1582909560327,True,True
299,123928597,222.83000000,0.43869000,97.75329270,1582909560753,False,True
300,123928598,222.83000000,1.00202000,223.28011660,1582909561359,False,True
301,123928599,222.76000000,1.88532000,419.97388320,1582909561655,True,True
302,123928600,222.84000000,1.00502000,223.95865680,1582909562686,False,True
303,123928601,222.83000000,1.15763000,257.95469290,1582909564220,False,True
304,123928602,222.77000000,0.05996000,13.35728920,1582909565177,True,True
305,123928603,222.80000000,0.04489000,10.00149200,1582909565585,False,True
306,123928604,222.82000000,0.95541000,212.88445620,1582909565585,False,True
307,123928605,222.82000000,1.70300000,379.46246000,1582909565864,False,True
308,123928606,222.79000000,0.37849000,84.32378710,1582909566148,True,True
309,123928607,222.79000000,0.16220000,36.13653800,1582909566457,True,True
310,123928608,222.79000000,0.37845000,84.31487550,1582909566619,True,True
311,123928609,222.80000000,0.21624000,48.17827200,1582909566799,True,True
312,123928610,222.80000000,0.10812000,24.08913600,1582909566885,True,True
313,123928611,222.84000000,0.19000000,42.33960000,1582909566950,False,True
314,123928612,222.85000000,1.00006000,222.86337100,1582909566959,False,True
315,123928613,222.80000000,1.24349000,277.04957200,1582909567003,True,True
316,123928614,222.84000000,0.66600000,148.41144000,1582909567162,False,True
317,123928615,222.80000000,0.10813000,24.09136400,1582909567220,True,True
318,123928616,222.85000000,7.99408000,1781.48072800,1582909567737,False,True
319,123928617,222.86000000,0.36608000,81.58458880,1582909567737,False,True
320,123928618,222.86000000,7.72963000,1722.62534180,1582909567737,False,True
321,123928619,222.87000000,5.00000000,1114.35000000,1582909567737,False,True
322,123928620,222.88000000,28.91021000,6443.50760480,1582909567737,False,True
323,123928621,222.81000000,0.05407000,12.04733670,1582909567933,True,True
324,123928622,222.82000000,2.09057000,465.82080740,1582909568241,True,True
325,123928623,222.88000000,1.00421000,223.81832480,1582909568370,False,True
326,123928624,222.81000000,0.63079000,140.54631990,1582909569641,True,True
327,123928625,222.90000000,1.00259000,223.47731100,1582909569806,False,True
328,123928626,222.81000000,1.89241000,421.64787210,1582909569850,True,True
329,123928627,222.85000000,2.63088000,586.29160800,1582909570174,True,True
330,123928628,222.85000000,0.04981000,11.10015850,1582909570510,True,True
331,123928629,222.95000000,1.00303000,223.62553850,1582909571080,False,True
332,123928630,222.94000000,0.28468000,63.46655920,1582909571783,False,True
333,123928631,222.89000000,0.30000000,66.86700000,1582909572056,True,True
334,123928632,222.94000000,1.00451000,223.94545940,1582909572301,False,True
335,123928633,222.94000000,0.05000000,11.14700000,1582909572457,False,True
336,123928634,222.88000000,0.77423000,172.56038240,1582909572834,True,True
337,123928635,222.96000000,1.00645000,224.39809200,1582909573473,False,True
338,123928636,222.96000000,1.00602000,224.30221920,1582909574568,False,True
339,123928637,222.96000000,1.00100000,223.18296000,1582909575668,False,True
340,123928638,222.99000000,1.00167000,223.36239330,1582909576750,False,True
341,123928639,222.96000000,0.07228000,16.11554880,1582909577084,True,True
342,123928640,222.94000000,2.15893000,481.31185420,1582909577795,True,True
343,123928641,222.93000000,1.03945000,231.72458850,1582909577795,True,True
344,123928642,222.95000000,0.12100000,26.97695000,1582909577848,False,True
345,123928643,222.95000000,0.65294000,145.57297300,1582909577848,False,True
346,123928644,223.00000000,0.23181000,51.69363000,1582909577848,False,True
347,123928645,223.00000000,0.60194000,134.23262000,1582909578911,False,True
348,123928646,223.04000000,0.39977000,89.16470080,1582909578911,False,True
349,123928647,223.04000000,1.02322000,228.21898880,1582909579789,False,True
350,123928648,223.03000000,1.00665000,224.51314950,1582909580603,False,True
351,123928649,222.97000000,0.05279000,11.77058630,1582909580707,True,True
352,123928650,223.03000000,0.20325000,45.33084750,1582909580740,False,True
353,123928651,222.99000000,0.32433000,72.32234670,1582909581028,True,True
354,123928652,223.04000000,1.00520000,224.19980800,1582909581442,False,True
355,123928653,223.01000000,1.02376000,228.30871760,1582909581523,True,True
356,123928654,223.04000000,2.00000000,446.08000000,1582909581669,False,True
357,123928655,223.03000000,0.08362000,18.64976860,1582909581814,True,True
358,123928656,223.03000000,0.43235000,96.42702050,1582909582074,True,True
359,123928657,223.04000000,2.00000000,446.08000000,1582909582231,False,True
360,123928658,223.04000000,14.92290000,3328.40361600,1582909582288,False,True
361,123928659,223.04000000,0.00001000,0.00223040,1582909582293,False,True
362,123928660,223.07000000,1.02523000,228.69805610,1582909582293,False,True
363,123928661,223.07000000,0.10000000,22.30700000,1582909582372,False,True
364,123928662,223.07000000,2.98477000,665.81264390,1582909582435,False,True
365,123928663,223.06000000,0.31273000,69.75755380,1582909582495,True,True
366,123928664,223.12000000,1.01202000,225.80190240,1582909583101,False,True
367,123928665,223.12000000,1.00000000,223.12000000,1582909583689,False,True
368,123928666,223.10000000,1.00079000,223.27624900,1582909583908,False,True
369,123928667,223.10000000,2.00000000,446.20000000,1582909584371,False,True
370,123928668,223.10000000,24.36918000,5436.76405800,1582909584399,False,True
371,123928669,223.10000000,2.50000000,557.75000000,1582909584423,False,True
372,123928670,223.10000000,22.11940000,4934.83814000,1582909584428,False,True
373,123928671,223.10000000,1.00000000,223.10000000,1582909584453,False,True
374,123928672,223.10000000,0.10000000,22.31000000,1582909584500,False,True
375,123928673,223.10000000,3.00000000,669.30000000,1582909584678,False,True
376,123928674,223.10000000,1.00055000,223.22270500,1582909584685,False,True
377,123928675,223.10000000,0.65478000,146.08141800,1582909584794,False,True
378,123928676,223.10000000,0.10000000,22.31000000,1582909584983,False,True
379,123928677,223.10000000,1.50000000,334.65000000,1582909585031,False,True
380,123928678,223.10000000,4.97905000,1110.82605500,1582909585034,False,True
381,123928679,223.12000000,2.00000000,446.24000000,1582909585095,False,True
382,123928680,223.12000000,1.98798000,443.55809760,1582909585291,False,True
383,123928681,223.14000000,0.24422000,54.49525080,1582909585291,False,True
384,123928682,223.18000000,0.77355000,172.64088900,1582909585291,False,True
385,123928683,223.18000000,0.94826000,211.63266680,1582909585291,False,True
386,123928684,223.20000000,0.10000000,22.32000000,1582909585394,False,True
387,123928685,223.13000000,1.14053000,254.48645890,1582909585416,True,True
388,123928686,223.20000000,0.90000000,200.88000000,1582909585428,False,True
389,123928687,223.21000000,0.10048000,22.42814080,1582909585428,False,True
390,123928688,223.21000000,0.67636000,150.97031560,1582909585492,False,True
391,123928689,223.21000000,1.32364000,295.44968440,1582909585492,False,True
392,123928690,223.24000000,1.00401000,224.13519240,1582909586155,False,True
393,123928691,223.25000000,0.16000000,35.72000000,1582909586492,False,True
394,123928692,223.26000000,0.04936000,11.02011360,1582909586492,False,True
395,123928693,223.26000000,0.79064000,176.51828640,1582909586492,False,True
396,123928694,223.26000000,1.00040000,223.34930400,1582909586881,False,True
397,123928695,223.25000000,1.00000000,223.25000000,1582909587081,False,True
398,123928696,223.22000000,0.16229000,36.22637380,1582909587098,True,True
399,123928697,223.21000000,4.96078000,1107.29570380,1582909587432,False,True
400,123928698,223.21000000,1.34622000,300.48976620,1582909587432,False,True
401,123928699,223.21000000,1.00197000,223.64972370,1582909587601,False,True
402,123928700,223.21000000,1.23500000,275.66435000,1582909587624,False,True
403,123928701,223.16000000,0.08000000,17.85280000,1582909587653,True,True
404,123928702,223.20000000,0.27400000,61.15680000,1582909587721,False,True
405,123928703,223.21000000,1.36973000,305.73743330,1582909587898,False,True
406,123928704,223.21000000,4.91727000,1097.58383670,1582909587898,False,True
407,123928705,223.21000000,0.00071000,0.15847910,1582909588305,False,True
408,123928706,223.22000000,0.83771000,186.99362620,1582909588305,False,True
409,123928707,223.22000000,0.17147000,38.27553340,1582909588305,False,True
410,123928708,223.21000000,9.57100000,2136.34291000,1582909588807,False,True
411,123928709,223.13000000,0.05098000,11.37516740,1582909588893,True,True
412,123928710,223.21000000,0.08900000,19.86569000,1582909588911,False,True
413,123928711,223.21000000,1.00919000,225.26129990,1582909589013,False,True
414,123928712,223.20000000,6.28300000,1402.36560000,1582909589125,False,True
415,123928713,223.14000000,10.00000000,2231.40000000,1582909589600,True,True
416,123928714,223.13000000,6.00000000,1338.78000000,1582909589600,True,True
417,123928715,223.12000000,0.35837000,79.95951440,1582909589688,True,True
418,123928716,223.19000000,1.01018000,225.46207420,1582909589700,False,True
419,123928717,223.10000000,1.20000000,267.72000000,1582909590037,True,True
420,123928718,223.09000000,0.87534000,195.27960060,1582909590072,True,True
421,123928719,223.09000000,0.50055000,111.66769950,1582909590103,True,True
422,123928720,223.07000000,8.88000000,1980.86160000,1582909590184,True,True
423,123928721,223.08000000,10.00000000,2230.80000000,1582909590250,True,True
424,123928722,223.05000000,3.95400000,881.93970000,1582909590275,True,True
425,123928723,223.08000000,1.00177000,223.47485160,1582909590399,False,True
426,123928724,223.03000000,0.10000000,22.30300000,1582909590453,True,True
427,123928725,223.11000000,1.01435000,226.31162850,1582909591112,False,True
428,123928726,223.13000000,1.11204000,248.12948520,1582909591547,False,True
429,123928727,223.11000000,1.00222000,223.60530420,1582909591821,False,True
430,123928728,223.06000000,0.30000000,66.91800000,1582909591906,True,True
431,123928729,223.09000000,0.07031000,15.68545790,1582909591927,False,True
432,123928730,223.03000000,0.20000000,44.60600000,1582909591962,True,True
433,123928731,223.06000000,1.17763000,262.68214780,1582909592665,False,True
434,123928732,223.02000000,0.77379000,172.57064580,1582909593279,True,True
435,123928733,223.02000000,0.68025000,151.70935500,1582909593279,True,True
436,123928734,223.07000000,1.00359000,223.87082130,1582909593388,False,True
437,123928735,223.05000000,1.00319000,223.76152950,1582909594125,False,True
438,123928736,223.05000000,1.02541000,228.71770050,1582909594881,False,True
439,123928737,223.05000000,0.10417000,23.23511850,1582909595209,False,True
440,123928738,223.05000000,1.00284000,223.68346200,1582909595625,False,True
441,123928739,223.01000000,1.75301000,390.93876010,1582909595855,True,True
442,123928740,223.00000000,0.74630000,166.42490000,1582909595863,True,True
443,123928741,223.00000000,6.00069000,1338.15387000,1582909595863,True,True
444,123928742,223.00000000,3.00000000,669.00000000,1582909595868,True,True
445,123928743,223.00000000,6.00000000,1338.00000000,1582909595877,True,True
446,123928744,223.00000000,3.75301000,836.92123000,1582909595879,True,True
447,123928745,223.00000000,2.00000000,446.00000000,1582909595880,True,True
448,123928746,223.00000000,2.50000000,557.50000000,1582909595881,True,True
449,123928747,223.00000000,13.22988000,2950.26324000,1582909595890,True,True
450,123928748,223.00000000,1.00000000,223.00000000,1582909595910,True,True
451,123928749,223.00000000,1.50000000,334.50000000,1582909595913,True,True
452,123928750,223.00000000,0.50000000,111.50000000,1582909595914,True,True
453,123928751,223.00000000,1.00000000,223.00000000,1582909595922,True,True
454,123928752,223.00000000,0.00004000,0.00892000,1582909595923,True,True
455,123928753,223.00000000,1.75297000,390.91231000,1582909595923,True,True
456,123928754,222.98000000,1.75293000,390.86833140,1582909595923,True,True
457,123928755,222.97000000,1.37589000,306.78219330,1582909596001,True,True
458,123928756,222.92000000,6.00000000,1337.52000000,1582909596070,True,True
459,123928757,222.92000000,4.78600000,1066.89512000,1582909596070,True,True
460,123928758,222.92000000,0.09740000,21.71240800,1582909596088,True,True
461,123928759,222.89000000,3.87643000,864.01748270,1582909596216,True,True
462,123928760,222.88000000,1.63357000,364.09008160,1582909596216,True,True
463,123928761,222.88000000,1.50000000,334.32000000,1582909596233,True,True
464,123928762,222.88000000,0.87643000,195.33871840,1582909596240,True,True
465,123928763,222.88000000,0.63610000,141.77396800,1582909596256,True,True
466,123928764,222.87000000,0.73980000,164.87922600,1582909596256,True,True
467,123928765,222.87000000,0.76020000,169.42577400,1582909596278,True,True
468,123928766,222.85000000,1.37589000,306.61708650,1582909596278,True,True
469,123928767,222.84000000,0.11391000,25.38370440,1582909596278,True,True
470,123928768,222.84000000,0.25000000,55.71000000,1582909596297,True,True
471,123928769,222.96000000,1.00072000,223.12053120,1582909596374,False,True
472,123928770,222.82000000,0.35881000,79.95004420,1582909596489,True,True
473,123928771,222.92000000,0.08663000,19.31155960,1582909596560,False,True
474,123928772,222.92000000,6.00000000,1337.52000000,1582909596881,False,True
475,123928773,222.92000000,1.00541000,224.12599720,1582909597127,False,True
476,123928774,222.90000000,1.00014000,222.93120600,1582909597891,False,True
477,123928775,222.88000000,6.00000000,1337.28000000,1582909598603,False,True
478,123928776,222.88000000,1.00305000,223.55978400,1582909598672,False,True
479,123928777,222.89000000,0.04959000,11.05311510,1582909599078,False,True
480,123928778,222.89000000,1.00562000,224.14264180,1582909599445,False,True
481,123928779,222.89000000,0.05920000,13.19508800,1582909599497,False,True
482,123928780,222.89000000,2.00000000,445.78000000,1582909599729,False,True
483,123928781,222.89000000,8.10589000,1806.72182210,1582909599763,False,True
484,123928782,222.91000000,2.19655000,489.63296050,1582909599935,False,True
485,123928783,222.91000000,5.52598000,1231.79620180,1582909599969,False,True
486,123928784,222.93000000,0.26350000,58.74205500,1582909600116,False,True
487,123928785,223.02000000,5.08042000,1133.03526840,1582909600355,False,True
488,123928786,223.06000000,0.91958000,205.12151480,1582909600355,False,True
489,123928787,223.05000000,1.19594000,266.75441700,1582909600386,False,True
490,123928788,223.08000000,3.29848000,735.82491840,1582909600870,False,True
491,123928789,223.08000000,3.29836000,735.79814880,1582909600870,False,True
492,123928790,223.08000000,10.00000000,2230.80000000,1582909600870,False,True
493,123928791,223.09000000,4.93179000,1100.23303110,1582909600870,False,True
494,123928792,223.10000000,9.79537000,2185.34704700,1582909600870,False,True
495,123928793,223.05000000,1.19986000,267.62877300,1582909601313,False,True
496,123928794,223.05000000,1.00131000,223.34219550,1582909602112,False,True
497,123928795,223.04000000,4.38000000,976.91520000,1582909602458,False,True
498,123928796,223.04000000,1.04582000,233.25969280,1582909602921,False,True
499,123928797,222.97000000,0.40814000,91.00297580,1582909603466,True,True
