,id,price,qty,quoteQty,time,isBuyerMaker,isBestMatch
0,124081517,228.26000000,9.94997000,2271.18015220,1582962674734,True,True
1,124081518,228.26000000,4.54479000,1037.39376540,1582962674734,True,True
2,124081519,228.24000000,8.75797000,1998.91907280,1582962674734,True,True
3,124081520,228.23000000,1.36004000,310.40192920,1582962674734,True,True
4,124081521,228.23000000,2.18972000,499.75979560,1582962674734,True,True
5,124081522,228.22000000,10.00000000,2282.20000000,1582962674734,True,True
6,124081523,228.22000000,10.78600000,2461.58092000,1582962674734,True,True
7,124081524,228.20000000,8.76385000,1999.91057000,1582962674734,True,True
8,124081525,228.20000000,0.08200000,18.71240000,1582962674805,False,True
9,124081526,228.20000000,1.11000000,253.30200000,1582962674847,False,True
10,124081527,228.20000000,0.75669000,172.67665800,1582962674872,False,True
11,124081528,228.20000000,0.18800000,42.90160000,1582962674893,False,True
12,124081529,228.20000000,12.06956000,2754.27359200,1582962674901,False,True
13,124081530,228.20000000,0.47442000,108.26264400,1582962675038,False,True
14,124081531,228.20000000,1.00000000,228.20000000,1582962675053,False,True
15,124081532,228.20000000,0.75640000,172.61048000,1582962675080,False,True
16,124081533,228.20000000,20.58875000,4698.35275000,1582962675108,False,True
17,124081534,228.19000000,4.71078000,1074.95288820,1582962675187,True,True
18,124081535,228.19000000,10.00000000,2281.90000000,1582962675187,True,True
19,124081536,228.18000000,8.02782000,1831.78796760,1582962675187,True,True
20,124081537,228.17000000,2.23853000,510.76539010,1582962675187,True,True
21,124081538,228.16000000,8.76539000,1999.91138240,1582962675187,True,True
22,124081539,228.16000000,2.19020000,499.71603200,1582962675187,True,True
23,124081540,228.15000000,16.81997000,3837.47615550,1582962675187,True,True
24,124081541,228.15000000,8.40636000,1917.91103400,1582962675210,False,True
25,124081542,228.15000000,0.89200000,203.50980000,1582962675307,False,True
26,124081543,228.15000000,19.62059000,4476.43760850,1582962675307,False,True
27,124081544,228.15000000,7.57650000,1728.57847500,1582962675321,False,True
28,124081545,228.15000000,0.38162000,87.06660300,1582962675416,False,True
29,124081546,228.15000000,6.47846000,1478.06064900,1582962675435,False,True
30,124081547,228.15000000,1.00079000,228.33023850,1582962675542,False,True
31,124081548,228.15000000,6.86391000,1566.00106650,1582962675566,False,True
32,124081549,228.15000000,0.23209000,52.95133350,1582962675577,False,True
33,124081550,228.15000000,2.28797000,522.00035550,1582962675713,False,True
34,124081551,228.15000000,0.10000000,22.81500000,1582962675722,False,True
35,124081552,228.15000000,2.00000000,456.30000000,1582962675735,False,True
36,124081553,228.15000000,3.98638000,909.49259700,1582962675757,False,True
37,124081554,228.15000000,8.22714000,1877.02199100,1582962675811,False,True
38,124081555,228.15000000,1.94000000,442.61100000,1582962675826,False,True
39,124081556,228.15000000,2.28797000,522.00035550,1582962675843,False,True
40,124081557,228.15000000,17.80380000,4061.93697000,1582962675921,False,True
41,124081558,228.15000000,0.08750000,19.96312500,1582962675964,False,True
42,124081559,228.14000000,0.05036000,11.48913040,1582962676035,True,True
43,124081560,228.15000000,16.39990000,3741.63718500,1582962676041,False,True
44,124081561,228.15000000,0.42699000,97.41776850,1582962676217,False,True
45,124081562,228.14000000,0.74230000,169.34832200,1582962677139,True,True
46,124081563,228.14000000,5.28766000,1206.32675240,1582962677139,True,True
47,124081564,228.15000000,2.00000000,456.30000000,1582962677140,False,True
48,124081565,228.15000000,0.06600000,15.05790000,1582962677145,False,True
49,124081566,228.15000000,1.00009000,228.17053350,1582962678049,False,True
50,124081567,228.15000000,0.05230000,11.93224500,1582962678285,False,True
51,124081568,228.15000000,0.75521000,172.30116150,1582962679646,False,True
52,124081569,228.15000000,1.00000000,228.15000000,1582962679831,False,True
53,124081570,228.15000000,3.37300000,769.54995000,1582962680137,False,True
54,124081571,228.15000000,0.00074000,0.16883100,1582962680146,False,True
55,124081572,228.20000000,5.05504000,1153.56012800,1582962680615,False,True
56,124081573,228.20000000,2.00000000,456.40000000,1582962681153,False,True
57,124081574,228.20000000,2.00000000,456.40000000,1582962681186,False,True
58,124081575,228.20000000,0.10000000,22.82000000,1582962681261,False,True
59,124081576,228.20000000,1.79900000,410.53180000,1582962681261,False,True
60,124081577,228.20000000,1.07000000,244.17400000,1582962681326,False,True
61,124081578,228.20000000,0.93000000,212.22600000,1582962681337,False,True
62,124081579,228.20000000,5.68600000,1297.54520000,1582962681342,False,True
63,124081580,228.20000000,5.63100000,1284.99420000,1582962681346,False,True
64,124081581,228.20000000,13.04323000,2976.46508600,1582962681356,False,True
65,124081582,228.20000000,6.56100000,1497.22020000,1582962681360,False,True
66,124081583,228.20000000,0.50000000,114.10000000,1582962681363,False,True
67,124081584,228.20000000,1.50000000,342.30000000,1582962681372,False,True
68,124081585,228.20000000,3.50000000,798.70000000,1582962681372,False,True
69,124081586,228.20000000,3.90930000,892.10226000,1582962681377,False,True
70,124081587,228.20000000,0.04640000,10.58848000,1582962681397,False,True
71,124081588,228.20000000,0.49773000,113.58198600,1582962681451,False,True
72,124081589,228.20000000,0.10000000,22.82000000,1582962681591,False,True
73,124081590,228.20000000,2.00000000,456.40000000,1582962681596,False,True
74,124081591,228.20000000,0.57325000,130.81565000,1582962683120,False,True
75,124081592,228.20000000,3.47600000,793.22320000,1582962683508,False,True
76,124081593,228.20000000,3.47600000,793.22320000,1582962683621,False,True
77,124081594,228.20000000,3.47600000,793.22320000,1582962683705,False,True
78,124081595,228.20000000,3.47600000,793.22320000,1582962683825,False,True
79,124081596,228.20000000,3.95469000,902.46025800,1582962683914,False,True
80,124081597,228.20000000,15.18931000,3466.20054200,1582962683914,False,True
81,124081598,228.20000000,1.95200000,445.44640000,1582962684029,False,True
82,124081599,228.20000000,0.21846000,49.85257200,1582962684389,False,True
83,124081600,228.19000000,0.18910000,43.15072900,1582962686204,True,True
84,124081601,228.19000000,0.05264000,12.01192160,1582962686244,True,True
85,124081602,228.20000000,0.08400000,19.16880000,1582962687386,False,True
86,124081603,228.20000000,0.70000000,159.74000000,1582962687606,False,True
87,124081604,228.20000000,0.60000000,136.92000000,1582962688352,False,True
88,124081605,228.20000000,0.08738000,19.94011600,1582962689159,False,True
89,124081606,228.20000000,1.71392000,391.11654400,1582962689164,False,True
90,124081607,228.27000000,0.28608000,65.30348160,1582962689164,False,True
91,124081608,228.27000000,0.10000000,22.82700000,1582962689173,False,True
92,124081609,228.27000000,0.36026000,82.23655020,1582962689382,False,True
93,124081610,228.26000000,0.50070000,114.28978200,1582962689485,True,True
94,124081611,228.26000000,0.22973000,52.43816980,1582962689485,True,True
95,124081612,228.26000000,0.87349000,199.38282740,1582962689485,True,True
96,124081613,228.25000000,1.22346000,279.25474500,1582962689485,True,True
97,124081614,228.30000000,2.00000000,456.60000000,1582962689799,False,True
98,124081615,228.30000000,4.36777000,997.16189100,1582962689804,False,True
99,124081616,228.30000000,2.00000000,456.60000000,1582962689829,False,True
100,124081617,228.30000000,2.00000000,456.60000000,1582962689906,False,True
101,124081618,228.30000000,2.00000000,456.60000000,1582962690136,False,True
102,124081619,228.30000000,0.10000000,22.83000000,1582962690157,False,True
103,124081620,228.30000000,0.08761000,20.00136300,1582962690200,False,True
104,124081621,228.30000000,8.76440000,2000.91252000,1582962692351,False,True
105,124081622,228.30000000,4.38050000,1000.06815000,1582962692381,False,True
106,124081623,228.30000000,4.38030000,1000.02249000,1582962693560,False,True
107,124081624,228.27000000,0.05133000,11.71709910,1582962696427,True,True
108,124081625,228.30000000,0.75526000,172.42585800,1582962697037,False,True
109,124081626,228.30000000,1.51083000,344.92248900,1582962697037,False,True
110,124081627,228.30000000,1.00981000,230.53962300,1582962697048,False,True
111,124081628,228.30000000,0.47530000,108.51099000,1582962697902,False,True
112,124081629,228.27000000,1.74997000,399.46565190,1582962698786,True,True
113,124081630,228.27000000,0.50003000,114.14184810,1582962698786,True,True
114,124081631,228.27000000,0.45086000,102.91781220,1582962698792,True,True
115,124081632,228.25000000,6.04914000,1380.71620500,1582962698906,True,True
116,124081633,228.25000000,1.00000000,228.25000000,1582962698908,True,True
117,124081634,228.25000000,1.71279000,390.94431750,1582962698914,True,True
118,124081635,228.24000000,2.25000000,513.54000000,1582962698953,True,True
119,124081636,228.24000000,2.78721000,636.15281040,1582962698953,True,True
120,124081637,228.24000000,3.26004000,744.07152960,1582962698959,True,True
121,124081638,228.24000000,1.23996000,283.00847040,1582962698959,True,True
122,124081639,228.24000000,3.33303000,760.73076720,1582962698962,True,True
123,124081640,228.24000000,0.17800000,40.62672000,1582962699205,False,True
124,124081641,228.23000000,1.00000000,228.23000000,1582962699546,False,True
125,124081642,228.23000000,0.34908000,79.67052840,1582962699558,False,True
126,124081643,228.20000000,1.94000000,442.70800000,1582962699828,True,True
127,124081644,228.20000000,1.54600000,352.79720000,1582962700063,False,True
128,124081645,228.19000000,0.35176000,80.26811440,1582962700109,True,True
129,124081646,228.19000000,2.59396000,591.91573240,1582962700232,True,True
130,124081647,228.18000000,0.17800000,40.61604000,1582962700413,False,True
131,124081648,228.18000000,0.42455000,96.87381900,1582962700453,False,True
132,124081649,228.17000000,1.31297000,299.58036490,1582962700554,False,True
133,124081650,228.16000000,1.52800000,348.62848000,1582962700673,False,True
134,124081651,228.17000000,0.08753000,19.97172010,1582962700812,False,True
135,124081652,228.17000000,1.74601000,398.38710170,1582962703246,False,True
136,124081653,228.18000000,0.25399000,57.95543820,1582962703246,False,True
137,124081654,228.18000000,3.70841000,846.18499380,1582962703266,False,True
138,124081655,228.18000000,8.29159000,1891.97500620,1582962703266,False,True
139,124081656,228.18000000,1.70841000,389.82499380,1582962703271,False,True
140,124081657,228.18000000,4.00826000,914.60476680,1582962703271,False,True
141,124081658,228.18000000,1.69751000,387.33783180,1582962703271,False,True
142,124081659,228.19000000,1.74605000,398.43114950,1582962703271,False,True
143,124081660,228.20000000,6.83977000,1560.83551400,1582962703271,False,True
144,124081661,228.20000000,3.16023000,721.16448600,1582962703361,False,True
145,124081662,228.22000000,1.74555000,398.36942100,1582962703452,True,True
146,124081663,228.21000000,0.04383000,10.00244430,1582962703464,True,True
147,124081664,228.25000000,2.00000000,456.50000000,1582962705969,False,True
148,124081665,228.30000000,2.00000000,456.60000000,1582962706374,False,True
149,124081666,228.28000000,0.04958000,11.31812240,1582962706614,True,True
150,124081667,228.30000000,0.15400000,35.15820000,1582962709526,False,True
151,124081668,228.30000000,1.00000000,228.30000000,1582962710270,False,True
152,124081669,228.30000000,2.25000000,513.67500000,1582962710292,False,True
153,124081670,228.30000000,0.55908000,127.63796400,1582962710296,False,True
154,124081671,228.30000000,0.21541000,49.17810300,1582962710296,False,True
155,124081672,228.35000000,2.00000000,456.70000000,1582962710415,False,True
156,124081673,228.35000000,2.25000000,513.78750000,1582962710474,False,True
157,124081674,228.35000000,2.25000000,513.78750000,1582962710480,False,True
158,124081675,228.35000000,2.25000000,513.78750000,1582962710488,False,True
159,124081676,228.35000000,0.65250000,148.99837500,1582962710498,False,True
160,124081677,228.33000000,0.72423000,165.36343590,1582962710560,True,True
161,124081678,228.35000000,0.75524000,172.45905400,1582962710693,False,True
162,124081679,228.35000000,2.00000000,456.70000000,1582962711962,False,True
163,124081680,228.35000000,4.36700000,997.20445000,1582962712096,False,True
164,124081681,228.35000000,4.00000000,913.40000000,1582962712111,False,True
165,124081682,228.35000000,5.26601000,1202.49338350,1582962712681,False,True
166,124081683,228.35000000,1.26034000,287.79863900,1582962713223,False,True
167,124081684,228.35000000,5.95300000,1359.36755000,1582962713448,False,True
168,124081685,228.35000000,0.07700000,17.58295000,1582962715351,False,True
169,124081686,228.34000000,0.05148000,11.75494320,1582962716826,True,True
170,124081687,228.35000000,0.08760000,20.00346000,1582962717972,False,True
171,124081688,228.34000000,0.24852000,56.74705680,1582962718108,True,True
172,124081689,228.34000000,0.01279000,2.92046860,1582962718108,True,True
173,124081690,228.34000000,4.37756000,999.57205040,1582962718132,True,True
174,124081691,228.32000000,2.83800000,647.97216000,1582962718811,False,True
175,124081692,228.32000000,0.15400000,35.16128000,1582962718855,False,True
176,124081693,228.33000000,2.00000000,456.66000000,1582962719577,False,True
177,124081694,228.35000000,1.07500000,245.47625000,1582962724611,False,True
178,124081695,228.34000000,1.74471000,398.38708140,1582962724866,True,True
179,124081696,228.34000000,2.12387000,484.96447580,1582962724866,True,True
180,124081697,228.34000000,0.64287000,146.79293580,1582962724866,True,True
181,124081698,228.31000000,3.11099000,710.27012690,1582962725173,True,True
182,124081699,228.31000000,2.00000000,456.62000000,1582962725175,True,True
183,124081700,228.31000000,4.10359000,936.89063290,1582962726419,True,True
184,124081701,228.26000000,0.05128000,11.70517280,1582962727027,True,True
185,124081702,228.30000000,2.00000000,456.60000000,1582962727919,False,True
186,124081703,228.29000000,10.00000000,2282.90000000,1582962730140,True,True
187,124081704,228.28000000,3.98216000,909.04748480,1582962730140,True,True
188,124081705,228.27000000,10.00000000,2282.70000000,1582962730140,True,True
189,124081706,228.25000000,7.65598000,1747.47743500,1582962730140,True,True
190,124081707,228.25000000,8.76193000,1999.91052250,1582962730140,True,True
191,124081708,228.25000000,5.49600000,1254.46200000,1582962730229,False,True
192,124081709,228.24000000,0.99900000,228.01176000,1582962730864,True,True
193,124081710,228.25000000,4.36834000,997.07360500,1582962730902,False,True
194,124081711,228.25000000,0.34944000,79.75968000,1582962730908,False,True
195,124081712,228.25000000,8.73515000,1993.79798750,1582962730927,False,True
196,124081713,228.25000000,0.10000000,22.82500000,1582962731059,False,True
197,124081714,228.25000000,0.10000000,22.82500000,1582962731103,False,True
198,124081715,228.25000000,2.00000000,456.50000000,1582962731108,False,True
199,124081716,228.25000000,0.10000000,22.82500000,1582962731141,False,True
200,124081717,228.25000000,0.56788000,129.61861000,1582962731229,False,True
201,124081718,228.25000000,3.80045000,867.45271250,1582962731238,False,True
202,124081719,228.25000000,0.10000000,22.82500000,1582962731357,False,True
203,124081720,228.25000000,5.85000000,1335.26250000,1582962731364,False,True
204,124081721,228.25000000,1.96567000,448.66417750,1582962732171,False,True
205,124081722,228.25000000,44.00000000,10043.00000000,1582962732236,False,True
206,124081723,228.25000000,12.00000000,2739.00000000,1582962732312,False,True
207,124081724,228.25000000,2.00000000,456.50000000,1582962732312,False,True
208,124081725,228.25000000,0.26208000,59.81976000,1582962732322,False,True
209,124081726,228.25000000,0.50000000,114.12500000,1582962732337,False,True
210,124081727,228.25000000,2.00000000,456.50000000,1582962732342,False,True
211,124081728,228.25000000,1.68000000,383.46000000,1582962732351,False,True
212,124081729,228.25000000,2.00000000,456.50000000,1582962732356,False,True
213,124081730,228.25000000,6.32000000,1442.54000000,1582962732358,False,True
214,124081731,228.25000000,4.36796000,996.98687000,1582962732365,False,True
215,124081732,228.25000000,1.00000000,228.25000000,1582962732370,False,True
216,124081733,228.25000000,6.55136000,1495.34792000,1582962732375,False,True
217,124081734,228.25000000,0.50000000,114.12500000,1582962732382,False,True
218,124081735,228.25000000,0.50000000,114.12500000,1582962732383,False,True
219,124081736,228.25000000,0.50000000,114.12500000,1582962732387,False,True
220,124081737,228.25000000,1.50000000,342.37500000,1582962732387,False,True
221,124081738,228.25000000,1.00000000,228.25000000,1582962732395,False,True
222,124081739,228.25000000,2.00000000,456.50000000,1582962732457,False,True
223,124081740,228.25000000,5.00000000,1141.25000000,1582962732490,False,True
224,124081741,228.25000000,0.38560000,88.01320000,1582962732497,False,True
225,124081742,228.33000000,0.61440000,140.28595200,1582962732497,False,True
226,124081743,228.33000000,0.34941000,79.78078530,1582962732504,False,True
227,124081744,228.33000000,9.00000000,2054.97000000,1582962732513,False,True
228,124081745,228.33000000,2.00000000,456.66000000,1582962732532,False,True
229,124081746,228.34000000,0.10000000,22.83400000,1582962732566,False,True
230,124081747,228.34000000,4.36681000,997.11739540,1582962732847,False,True
231,124081748,228.35000000,0.82962000,189.44372700,1582962733894,False,True
232,124081749,228.35000000,3.53681000,807.63056350,1582962733924,False,True
233,124081750,228.35000000,0.51380000,117.32623000,1582962736745,False,True
234,124081751,228.34000000,0.05037000,11.50148580,1582962737217,True,True
235,124081752,228.34000000,2.19484000,501.16976560,1582962737711,True,True
236,124081753,228.35000000,8.00000000,1826.80000000,1582962738175,False,True
237,124081754,228.35000000,32.00000000,7307.20000000,1582962738183,False,True
238,124081755,228.35000000,1.41200000,322.43020000,1582962738188,False,True
239,124081756,228.35000000,2.00000000,456.70000000,1582962738194,False,True
240,124081757,228.35000000,0.08760000,20.00346000,1582962739029,False,True
241,124081758,228.35000000,2.83740000,647.92029000,1582962739064,False,True
242,124081759,228.35000000,0.74119000,169.25073650,1582962740184,False,True
243,124081760,228.35000000,2.24900000,513.55915000,1582962741948,False,True
244,124081761,228.35000000,2.00000000,456.70000000,1582962741960,False,True
245,124081762,228.35000000,2.00000000,456.70000000,1582962742448,False,True
246,124081763,228.35000000,1.99200000,454.87320000,1582962742949,False,True
247,124081764,228.35000000,4.36586000,996.94413100,1582962746392,False,True
248,124081765,228.34000000,0.04854000,11.08362360,1582962747430,True,True
249,124081766,228.35000000,2.00000000,456.70000000,1582962748182,False,True
250,124081767,228.35000000,4.36643000,997.07429050,1582962749338,False,True
251,124081768,228.35000000,0.28300000,64.62305000,1582962751305,False,True
252,124081769,228.35000000,0.15400000,35.16590000,1582962752332,False,True
253,124081770,228.35000000,2.32763000,531.51431050,1582962752759,False,True
254,124081771,228.35000000,4.36624000,997.03090400,1582962753411,False,True
255,124081772,228.35000000,2.00000000,456.70000000,1582962753462,False,True
256,124081773,228.35000000,3.65626000,834.90697100,1582962755490,False,True
257,124081774,228.35000000,0.57835000,132.06622250,1582962755648,False,True
258,124081775,228.34000000,0.04998000,11.41243320,1582962757615,True,True
259,124081776,228.35000000,16.00000000,3653.60000000,1582962758012,False,True
260,124081777,228.35000000,33.45912000,7640.39005200,1582962758022,False,True
261,124081778,228.35000000,0.65156000,148.78372600,1582962758022,False,True
262,124081779,228.35000000,18.18384000,4152.27986400,1582962758022,False,True
263,124081780,228.38000000,0.65156000,148.80327280,1582962758022,False,True
264,124081781,228.40000000,0.05200000,11.87680000,1582962758022,False,True
265,124081782,228.40000000,2.25192000,514.33852800,1582962758022,False,True
266,124081783,228.40000000,20.00000000,4568.00000000,1582962758028,False,True
267,124081784,228.40000000,40.00000000,9136.00000000,1582962758031,False,True
268,124081785,228.40000000,2.74808000,627.66147200,1582962758032,False,True
269,124081786,228.40000000,13.25192000,3026.73852800,1582962758032,False,True
270,124081787,228.40000000,2.00000000,456.80000000,1582962758034,False,True
271,124081788,228.40000000,2.00000000,456.80000000,1582962758316,False,True
272,124081789,228.40000000,4.36624000,997.24921600,1582962759075,False,True
273,124081790,228.40000000,2.00000000,456.80000000,1582962759145,False,True
274,124081791,228.40000000,2.00000000,456.80000000,1582962759152,False,True
275,124081792,228.40000000,0.15400000,35.17360000,1582962761774,False,True
276,124081793,228.40000000,7.00000000,1598.80000000,1582962765168,False,True
277,124081794,228.40000000,2.00000000,456.80000000,1582962765526,False,True
278,124081795,228.40000000,4.36548000,997.07563200,1582962765681,False,True
279,124081796,228.40000000,2.00000000,456.80000000,1582962765744,False,True
280,124081797,228.40000000,1.26670000,289.31428000,1582962765960,False,True
281,124081798,228.39000000,0.05230000,11.94479700,1582962767800,True,True
282,124081799,228.40000000,1.81379000,414.26963600,1582962769199,False,True
283,124081800,228.40000000,8.00000000,1827.20000000,1582962770201,False,True
284,124081801,228.40000000,2.00000000,456.80000000,1582962770213,False,True
285,124081802,228.40000000,1.15603000,264.03725200,1582962770387,False,True
286,124081803,228.40000000,0.15400000,35.17360000,1582962772507,False,True
287,124081804,228.40000000,4.37870000,1000.09508000,1582962775313,False,True
288,124081805,228.40000000,17.51350000,4000.08340000,1582962775321,False,True
289,124081806,228.40000000,8.75730000,2000.16732000,1582962775328,False,True
290,124081807,228.40000000,0.29900000,68.29160000,1582962776811,False,True
291,124081808,228.40000000,0.32845000,75.01798000,1582962777441,False,True
292,124081809,228.40000000,0.08757000,20.00098800,1582962777624,False,True
293,124081810,228.40000000,0.39578000,90.39615200,1582962777770,False,True
294,124081811,228.39000000,0.05192000,11.85800880,1582962778002,True,True
295,124081812,228.39000000,0.19578000,44.71419420,1582962778109,True,True
296,124081813,228.39000000,0.06553000,14.96639670,1582962778109,True,True
297,124081814,228.40000000,2.00000000,456.80000000,1582962781106,False,True
298,124081815,228.40000000,1.53900000,351.50760000,1582962781133,False,True
299,124081816,228.40000000,4.36510000,996.98884000,1582962781537,False,True
300,124081817,228.40000000,0.10000000,22.84000000,1582962781598,False,True
301,124081818,228.40000000,2.00000000,456.80000000,1582962781617,False,True
302,124081819,228.40000000,4.58295000,1046.74578000,1582962781663,False,True
303,124081820,228.40000000,4.14648000,947.05603200,1582962781677,False,True
304,124081821,228.40000000,2.99200000,683.37280000,1582962781697,False,True
305,124081822,228.40000000,7.36765000,1682.77126000,1582962781712,False,True
306,124081823,228.40000000,0.15400000,35.17360000,1582962781799,False,True
307,124081824,228.40000000,0.30552000,69.78076800,1582962781898,False,True
308,124081825,228.40000000,0.08757000,20.00098800,1582962781922,False,True
309,124081826,228.40000000,2.69737000,616.07930800,1582962783447,False,True
310,124081827,228.40000000,2.00000000,456.80000000,1582962783463,False,True
311,124081828,228.40000000,3.85400000,880.25360000,1582962783470,False,True
312,124081829,228.40000000,16.00000000,3654.40000000,1582962783482,False,True
313,124081830,228.40000000,4.36453000,996.85865200,1582962783918,False,True
314,124081831,228.40000000,0.17458000,39.87407200,1582962783938,False,True
315,124081832,228.40000000,2.00000000,456.80000000,1582962783950,False,True
316,124081833,228.40000000,8.72905000,1993.71502000,1582962783950,False,True
317,124081834,228.40000000,0.10000000,22.84000000,1582962783982,False,True
318,124081835,228.40000000,1.00000000,228.40000000,1582962784124,False,True
319,124081836,228.40000000,4.34750000,992.96900000,1582962784300,False,True
320,124081837,228.40000000,5.80424000,1325.68841600,1582962784406,False,True
321,124081838,228.40000000,5.13676000,1173.23598400,1582962784406,False,True
322,124081839,228.40000000,0.65025000,148.51710000,1582962784450,False,True
323,124081840,228.40000000,4.34750000,992.96900000,1582962784522,False,True
324,124081841,228.40000000,0.21700000,49.56280000,1582962785021,False,True
325,124081842,228.40000000,1.75700000,401.29880000,1582962785036,False,True
326,124081843,228.40000000,0.91000000,207.84400000,1582962786109,False,True
327,124081844,228.40000000,0.19000000,43.39600000,1582962786122,False,True
328,124081845,228.39000000,0.93447000,213.42360330,1582962787422,True,True
329,124081846,228.39000000,0.30000000,68.51700000,1582962787422,True,True
330,124081847,228.39000000,14.61600000,3338.14824000,1582962787476,False,True
331,124081848,228.38000000,0.05021000,11.46695980,1582962788210,True,True
332,124081849,228.39000000,2.12404000,485.10949560,1582962788293,False,True
333,124081850,228.40000000,2.74680000,627.36912000,1582962788293,False,True
334,124081851,228.40000000,0.70504000,161.03113600,1582962788599,False,True
335,124081852,228.45000000,0.15400000,35.18130000,1582962791743,False,True
336,124081853,228.44000000,1.28400000,293.31696000,1582962792017,True,True
337,124081854,228.44000000,0.35632000,81.39774080,1582962792021,True,True
338,124081855,228.43000000,1.37700000,314.54811000,1582962792070,True,True
339,124081856,228.43000000,2.75600000,629.55308000,1582962792072,True,True
340,124081857,228.43000000,1.37700000,314.54811000,1582962792078,True,True
341,124081858,228.43000000,1.50000000,342.64500000,1582962792141,True,True
342,124081859,228.43000000,0.50000000,114.21500000,1582962792146,True,True
343,124081860,228.43000000,7.49000000,1710.94070000,1582962792149,True,True
344,124081861,228.42000000,0.17500000,39.97350000,1582962792243,True,True
345,124081862,228.43000000,0.17028000,38.89706040,1582962792443,False,True
346,124081863,228.42000000,0.12500000,28.55250000,1582962793291,True,True
347,124081864,228.38000000,3.06800000,700.66984000,1582962793516,True,True
348,124081865,228.39000000,0.76187000,174.00348930,1582962793803,False,True
349,124081866,228.36000000,11.47676000,2620.83291360,1582962795232,True,True
350,124081867,228.36000000,0.52324000,119.48708640,1582962795232,True,True
351,124081868,228.36000000,2.29028000,523.00834080,1582962796165,True,True
352,124081869,228.36000000,0.05800000,13.24488000,1582962796906,True,True
353,124081870,228.36000000,4.50000000,1027.62000000,1582962796913,True,True
354,124081871,228.36000000,0.50000000,114.18000000,1582962796914,True,True
355,124081872,228.36000000,0.50000000,114.18000000,1582962796915,True,True
356,124081873,228.36000000,1.50000000,342.54000000,1582962796938,True,True
357,124081874,228.36000000,3.50000000,799.26000000,1582962796950,True,True
358,124081875,228.36000000,8.00000000,1826.88000000,1582962796951,True,True
359,124081876,228.36000000,0.35090000,80.13152400,1582962796964,True,True
360,124081877,228.36000000,0.00003000,0.00685080,1582962796965,True,True
361,124081878,228.35000000,0.05545000,12.66200750,1582962796978,True,True
362,124081879,228.34000000,0.30000000,68.50200000,1582962796984,True,True
363,124081880,228.33000000,2.75500000,629.04915000,1582962796998,True,True
364,124081881,228.33000000,6.00386000,1370.86135380,1582962797013,True,True
365,124081882,228.33000000,1.28200000,292.71906000,1582962797013,True,True
366,124081883,228.30000000,2.25000000,513.67500000,1582962797208,True,True
367,124081884,228.30000000,2.25000000,513.67500000,1582962797223,True,True
368,124081885,228.30000000,2.25000000,513.67500000,1582962797230,True,True
369,124081886,228.30000000,2.25000000,513.67500000,1582962797246,True,True
370,124081887,228.30000000,1.30790000,298.59357000,1582962797270,True,True
371,124081888,228.30000000,140.01095000,31964.49988500,1582962797306,True,True
372,124081889,228.30000000,7.34457000,1676.76533100,1582962797321,True,True
373,124081890,228.30000000,17.59077000,4015.97279100,1582962797346,True,True
374,124081891,228.30000000,0.00001000,0.00228300,1582962797413,True,True
375,124081892,228.29000000,0.92192000,210.46511680,1582962797459,True,True
376,124081893,228.29000000,7.83809000,1789.35756610,1582962797506,True,True
377,124081894,228.28000000,0.42432000,96.86376960,1582962797605,False,True
378,124081895,228.27000000,1.74524000,398.38593480,1582962797822,False,True
379,124081896,228.27000000,1.72976000,394.85231520,1582962797822,False,True
380,124081897,228.27000000,0.19142000,43.69544340,1582962797842,False,True
381,124081898,228.25000000,8.76193000,1999.91052250,1582962798001,True,True
382,124081899,228.25000000,4.47540000,1021.51005000,1582962798001,True,True
383,124081900,228.26000000,0.16645000,37.99387700,1582962798109,False,True
384,124081901,228.23000000,12.00000000,2738.76000000,1582962798194,True,True
385,124081902,228.23000000,1.13456000,258.94062880,1582962798234,True,True
386,124081903,228.23000000,0.25000000,57.05750000,1582962798250,False,True
387,124081904,228.23000000,1.14033000,260.25751590,1582962798343,False,True
388,124081905,228.21000000,0.05297000,12.08828370,1582962798406,True,True
389,124081906,228.22000000,1.00000000,228.22000000,1582962798746,False,True
390,124081907,228.21000000,1.31458000,300.00030180,1582962798766,True,True
391,124081908,228.21000000,10.00000000,2282.10000000,1582962798879,False,True
392,124081909,228.21000000,1.01138000,230.80702980,1582962798917,False,True
393,124081910,228.21000000,4.36815000,996.85551150,1582962799035,False,True
394,124081911,228.20000000,0.05200000,11.86640000,1582962799101,True,True
395,124081912,228.20000000,3.50343000,799.48272600,1582962799171,False,True
396,124081913,228.19000000,5.21424000,1189.83742560,1582962799394,True,True
397,124081914,228.19000000,3.61576000,825.08027440,1582962799394,True,True
398,124081915,228.21000000,0.04800000,10.95408000,1582962799543,False,True
399,124081916,228.19000000,0.29352000,66.97832880,1582962799976,True,True
400,124081917,228.18000000,2.53900000,579.34902000,1582962799999,True,True
401,124081918,228.18000000,3.71000000,846.54780000,1582962800030,True,True
402,124081919,228.19000000,3.00000000,684.57000000,1582962800053,False,True
403,124081920,228.18000000,3.71000000,846.54780000,1582962800060,True,True
404,124081921,228.18000000,2.36679000,540.05414220,1582962800104,True,True
405,124081922,228.19000000,4.36910000,996.98492900,1582962800269,False,True
406,124081923,228.20000000,1.91226000,436.37773200,1582962800867,False,True
407,124081924,228.20000000,2.00000000,456.40000000,1582962801226,False,True
408,124081925,228.20000000,1.53600000,350.51520000,1582962801233,False,True
409,124081926,228.19000000,0.08700000,19.85253000,1582962801492,True,True
410,124081927,228.19000000,8.31665000,1897.77636350,1582962801606,True,True
411,124081928,228.19000000,0.83935000,191.53127650,1582962801606,True,True
412,124081929,228.20000000,0.15400000,35.14280000,1582962801624,False,True
413,124081930,228.20000000,2.00000000,456.40000000,1582962803044,False,True
414,124081931,228.20000000,2.18446000,498.49377200,1582962804444,False,True
415,124081932,228.20000000,4.36872000,996.94190400,1582962804873,False,True
416,124081933,228.20000000,2.00000000,456.40000000,1582962804950,False,True
417,124081934,228.19000000,0.86000000,196.24340000,1582962805734,True,True
418,124081935,228.18000000,0.55000000,125.49900000,1582962806375,True,True
419,124081936,228.20000000,2.37087000,541.03253400,1582962806553,False,True
420,124081937,228.19000000,0.39300000,89.67867000,1582962806654,True,True
421,124081938,228.20000000,2.18398000,498.38423600,1582962807951,False,True
422,124081939,228.20000000,0.34945000,79.74449000,1582962807963,False,True
423,124081940,228.19000000,0.05252000,11.98453880,1582962808634,True,True
424,124081941,228.20000000,3.00453000,685.63374600,1582962809086,False,True
425,124081942,228.20000000,0.17471000,39.86882200,1582962809441,False,True
426,124081943,228.20000000,0.10000000,22.82000000,1582962809505,False,True
427,124081944,228.20000000,0.67855000,154.84511000,1582962809506,False,True
428,124081945,228.23000000,1.08100000,246.71663000,1582962810002,True,True
429,124081946,228.27000000,0.34575000,78.92435250,1582962810135,False,True
430,124081947,228.26000000,6.85241000,1564.13110660,1582962812507,True,True
431,124081948,228.26000000,3.42479000,781.74256540,1582962812507,True,True
432,124081949,228.26000000,3.42710000,782.26984600,1582962812514,True,True
433,124081950,228.21000000,1.34682000,307.35779220,1582962812514,True,True
434,124081951,228.20000000,8.76385000,1999.91057000,1582962812514,True,True
435,124081952,228.20000000,0.16653000,38.00214600,1582962812514,True,True
436,124081953,228.19000000,2.18455000,498.49246450,1582962814512,False,True
437,124081954,228.19000000,0.20000000,45.63800000,1582962815338,False,True
438,124081955,228.19000000,2.00000000,456.38000000,1582962817331,False,True
439,124081956,228.19000000,2.00000000,456.38000000,1582962817695,False,True
440,124081957,228.19000000,4.36910000,996.98492900,1582962818007,False,True
441,124081958,228.19000000,0.05046000,11.51446740,1582962818387,False,True
442,124081959,228.19000000,0.59084000,134.82377960,1582962818602,False,True
443,124081960,228.18000000,0.04930000,11.24927400,1582962818822,True,True
444,124081961,228.19000000,6.12962000,1398.71798780,1582962819083,False,True
445,124081962,228.18000000,0.05200000,11.86536000,1582962822668,True,True
446,124081963,228.19000000,2.00000000,456.38000000,1582962823467,False,True
447,124081964,228.24000000,0.17474000,39.88265760,1582962823766,False,True
448,124081965,228.26000000,3.49452000,797.65913520,1582962824006,False,True
449,124081966,228.26000000,0.87363000,199.41478380,1582962824060,False,True
450,124081967,228.22000000,1.74551000,398.36029220,1582962824196,True,True
451,124081968,228.21000000,0.16258000,37.10238180,1582962824196,True,True
452,124081969,228.26000000,0.17472000,39.88158720,1582962824243,False,True
453,124081970,228.26000000,2.00926000,458.63368760,1582962824269,False,True
454,124081971,228.26000000,1.10000000,251.08600000,1582962824273,False,True
455,124081972,228.26000000,2.00000000,456.52000000,1582962824298,False,True
456,124081973,228.23000000,0.04382000,10.00103860,1582962824430,True,True
457,124081974,228.26000000,2.18388000,498.49244880,1582962824504,False,True
458,124081975,228.26000000,1.62778000,371.55706280,1582962824522,False,True
459,124081976,228.35000000,0.20000000,45.67000000,1582962824524,False,True
460,124081977,228.35000000,0.80000000,182.68000000,1582962824540,False,True
461,124081978,228.34000000,0.09300000,21.23562000,1582962824608,False,True
462,124081979,228.34000000,2.00000000,456.68000000,1582962824759,False,True
463,124081980,228.34000000,2.00000000,456.68000000,1582962824974,False,True
464,124081981,228.34000000,2.00000000,456.68000000,1582962825163,False,True
465,124081982,228.34000000,3.90700000,892.12438000,1582962825482,False,True
466,124081983,228.35000000,4.83461000,1103.98319350,1582962825482,False,True
467,124081984,228.36000000,1.25839000,287.36594040,1582962825482,False,True
468,124081985,228.36000000,1.31372000,300.00109920,1582962825651,False,True
469,124081986,228.36000000,0.68628000,156.71890080,1582962825651,False,True
470,124081987,228.36000000,3.74207000,854.53910520,1582962825797,False,True
471,124081988,228.37000000,0.62436000,142.58509320,1582962825797,False,True
472,124081989,228.37000000,2.00000000,456.74000000,1582962825953,False,True
473,124081990,228.37000000,2.25000000,513.83250000,1582962826316,False,True
474,124081991,228.37000000,3.85564000,880.51250680,1582962826331,False,True
475,124081992,228.37000000,0.64436000,147.15249320,1582962826331,False,True
476,124081993,228.37000000,2.18312000,498.55911440,1582962826334,False,True
477,124081994,228.37000000,2.25000000,513.83250000,1582962826345,False,True
478,124081995,228.37000000,2.25000000,513.83250000,1582962826348,False,True
479,124081996,228.37000000,2.25000000,513.83250000,1582962826351,False,True
480,124081997,228.37000000,2.19380000,500.99810600,1582962826417,False,True
481,124081998,228.37000000,0.19600000,44.76052000,1582962826584,True,True
482,124081999,228.40000000,0.05200000,11.87680000,1582962826754,False,True
483,124082000,228.40000000,2.13064000,486.63817600,1582962826754,False,True
484,124082001,228.42000000,2.18255000,498.53807100,1582962826996,False,True
485,124082002,228.42000000,2.00000000,456.84000000,1582962827118,False,True
486,124082003,228.43000000,4.36491000,997.07639130,1582962827186,False,True
487,124082004,228.42000000,1.74400000,398.36448000,1582962827290,True,True
488,124082005,228.45000000,2.00000000,456.90000000,1582962827417,False,True
489,124082006,228.45000000,1.00384000,229.32724800,1582962827430,False,True
490,124082007,228.45000000,0.78561000,179.47260450,1582962827435,False,True
491,124082008,228.45000000,0.29996000,68.52586200,1582962827538,False,True
492,124082009,228.37000000,0.04857000,11.09193090,1582962829013,True,True
493,124082010,228.37000000,0.50000000,114.18500000,1582962829028,True,True
494,124082011,228.37000000,0.73543000,167.95014910,1582962829031,True,True
495,124082012,228.37000000,1.28400000,293.22708000,1582962829031,True,True
496,124082013,228.35000000,2.50000000,570.87500000,1582962829376,True,True
497,124082014,228.35000000,0.57600000,131.52960000,1582962829416,True,True
498,124082015,228.35000000,4.42400000,1010.22040000,1582962829416,True,True
499,124082016,228.35000000,0.66414000,151.65636900,1582962829418,True,True
