,id,price,qty,quoteQty,time,isBuyerMaker,isBestMatch
0,128000151,139.84000000,0.90454000,126.49087360,1584027746772,True,True
1,128000152,139.84000000,7.11953000,995.59507520,1584027746772,True,True
2,128000153,139.84000000,7.36736000,1030.25162240,1584027746774,True,True
3,128000154,139.83000000,13.10107000,1831.92261810,1584027746992,True,True
4,128000155,139.83000000,0.50000000,69.91500000,1584027746995,True,True
5,128000156,139.83000000,0.50000000,69.91500000,1584027746995,True,True
6,128000157,139.83000000,4.50000000,629.23500000,1584027747001,True,True
7,128000158,139.83000000,2.98399000,417.25132170,1584027747001,True,True
8,128000159,139.81000000,1.70000000,237.67700000,1584027747343,True,True
9,128000160,139.82000000,0.30000000,41.94600000,1584027748346,True,True
10,128000161,139.86000000,3.90928000,546.75190080,1584027748888,False,True
11,128000162,139.83000000,2.31025000,323.04225750,1584027749234,True,True
12,128000163,139.85000000,0.28000000,39.15800000,1584027750263,False,True
13,128000164,139.85000000,10.21296000,1428.28245600,1584027751043,False,True
14,128000165,139.85000000,5.35432000,748.80165200,1584027751061,False,True
15,128000166,139.85000000,0.28858000,40.35791300,1584027751061,False,True
16,128000167,139.85000000,0.30000000,41.95500000,1584027751345,True,True
17,128000168,139.87000000,0.28582000,39.97764340,1584027751822,False,True
18,128000169,139.91000000,0.89241000,124.85708310,1584027752227,False,True
19,128000170,139.91000000,1.50469000,210.52117790,1584027753619,True,True
20,128000171,139.91000000,0.50000000,69.95500000,1584027753668,True,True
21,128000172,139.91000000,1.00000000,139.91000000,1584027753669,True,True
22,128000173,139.91000000,0.90459000,126.56118690,1584027753674,True,True
23,128000174,139.92000000,0.07856000,10.99211520,1584027754139,False,True
24,128000175,139.87000000,0.14291000,19.98882170,1584027754358,True,True
25,128000176,139.86000000,0.15709000,21.97060740,1584027754358,True,True
26,128000177,139.86000000,0.30000000,41.95800000,1584027754625,True,True
27,128000178,139.86000000,0.92118000,128.83623480,1584027754950,True,True
28,128000179,139.90000000,0.71017000,99.35278300,1584027755073,False,True
29,128000180,139.87000000,0.23400000,32.72958000,1584027755950,True,True
30,128000181,139.82000000,0.14294000,19.98587080,1584027756081,True,True
31,128000182,139.81000000,4.79491000,670.37636710,1584027756276,True,True
32,128000183,139.80000000,6.64318000,928.71656400,1584027756430,True,True
33,128000184,139.80000000,0.36682000,51.28143600,1584027756434,True,True
34,128000185,139.78000000,4.25000000,594.06500000,1584027756612,True,True
35,128000186,139.76000000,0.23400000,32.70384000,1584027756934,True,True
36,128000187,139.74000000,1.00000000,139.74000000,1584027757100,True,True
37,128000188,139.74000000,4.00000000,558.96000000,1584027757100,True,True
38,128000189,139.74000000,0.50000000,69.87000000,1584027757100,True,True
39,128000190,139.74000000,4.94067000,690.40922580,1584027757119,True,True
40,128000191,139.74000000,15.38318000,2149.64557320,1584027757124,True,True
41,128000192,139.74000000,15.00000000,2096.10000000,1584027757129,True,True
42,128000193,139.74000000,0.50000000,69.87000000,1584027757132,True,True
43,128000194,139.74000000,2.50000000,349.35000000,1584027757133,True,True
44,128000195,139.74000000,4.00000000,558.96000000,1584027757133,True,True
45,128000196,139.77000000,9.41186000,1315.49567220,1584027757151,True,True
46,128000197,139.74000000,2.31604000,323.64342960,1584027757151,True,True
47,128000198,139.74000000,5.64000000,788.13360000,1584027757158,True,True
48,128000199,139.74000000,25.00000000,3493.50000000,1584027757198,True,True
49,128000200,139.74000000,2.00000000,279.48000000,1584027757284,True,True
50,128000201,139.74000000,6.66796000,931.78073040,1584027757284,True,True
51,128000202,139.74000000,13.10961000,1831.93690140,1584027757302,True,True
52,128000203,139.74000000,0.91210000,127.45685400,1584027757336,True,True
53,128000204,139.74000000,9.97617000,1394.06999580,1584027757350,True,True
54,128000205,139.73000000,0.30000000,41.91900000,1584027757366,True,True
55,128000206,139.73000000,0.61200000,85.51476000,1584027757406,True,True
56,128000207,139.73000000,0.00010000,0.01397300,1584027757412,True,True
57,128000208,139.72000000,0.39364000,54.99938080,1584027757440,True,True
58,128000209,139.68000000,0.13639000,19.05095520,1584027757924,True,True
59,128000210,139.66000000,1.06444000,148.65969040,1584027757932,True,True
60,128000211,139.71000000,0.14285000,19.95757350,1584027758040,False,True
61,128000212,139.66000000,6.50000000,907.79000000,1584027758229,True,True
62,128000213,139.66000000,30.50000000,4259.63000000,1584027758231,True,True
63,128000214,139.66000000,3.90907000,545.94071620,1584027758250,True,True
64,128000215,139.66000000,8.02649000,1120.97959340,1584027758294,True,True
65,128000216,139.65000000,9.68684000,1352.76720600,1584027758305,True,True
66,128000217,139.59000000,0.30000000,41.87700000,1584027758628,True,True
67,128000218,139.59000000,3.95000000,551.38050000,1584027758646,True,True
68,128000219,139.57000000,5.75388000,803.06903160,1584027758646,True,True
69,128000220,139.57000000,3.95000000,551.30150000,1584027758649,True,True
70,128000221,139.60000000,0.91385000,127.57346000,1584027758668,False,True
71,128000222,139.56000000,0.10000000,13.95600000,1584027758864,True,True
72,128000223,139.55000000,1.01755000,141.99910250,1584027759031,True,True
73,128000224,139.55000000,6.00000000,837.30000000,1584027759031,True,True
74,128000225,139.53000000,6.00000000,837.18000000,1584027759086,True,True
75,128000226,139.53000000,1.04100000,145.25073000,1584027759130,True,True
76,128000227,139.52000000,9.89189000,1380.11649280,1584027759148,True,True
77,128000228,139.52000000,2.23261000,311.49374720,1584027759159,True,True
78,128000229,139.54000000,0.98245000,137.09107300,1584027759263,False,True
79,128000230,139.55000000,2.92245000,407.82789750,1584027759263,False,True
80,128000231,139.51000000,3.38947000,472.86495970,1584027759653,True,True
81,128000232,139.50000000,0.33434000,46.64043000,1584027759653,True,True
82,128000233,139.55000000,0.14285000,19.93471750,1584027759798,False,True
83,128000234,139.56000000,0.35761000,49.90805160,1584027759798,False,True
84,128000235,139.56000000,0.12197000,17.02213320,1584027759798,False,True
85,128000236,139.58000000,3.90928000,545.65730240,1584027759798,False,True
86,128000237,139.58000000,1.49189000,208.23800620,1584027759798,False,True
87,128000238,139.57000000,0.28587000,39.89887590,1584027759874,False,True
88,128000239,139.56000000,12.00381000,1675.25172360,1584027760261,False,True
89,128000240,139.61000000,12.96626000,1810.21955860,1584027760324,False,True
90,128000241,139.61000000,6.16395000,860.54905950,1584027760324,False,True
91,128000242,139.63000000,24.06786000,3360.59529180,1584027760324,False,True
92,128000243,139.65000000,28.35500000,3959.77575000,1584027760356,False,True
93,128000244,139.65000000,26.10800000,3645.98220000,1584027760356,False,True
94,128000245,139.65000000,7.04000000,983.13600000,1584027760356,False,True
95,128000246,139.65000000,6.24361000,871.92013650,1584027760356,False,True
96,128000247,139.62000000,0.30000000,41.88600000,1584027760368,True,True
97,128000248,139.63000000,0.14316000,19.98943080,1584027760476,True,True
98,128000249,139.62000000,1.96684000,274.61020080,1584027760476,True,True
99,128000250,139.66000000,5.98069000,835.26316540,1584027760486,False,True
100,128000251,139.66000000,0.14316000,19.99372560,1584027760512,False,True
101,128000252,139.67000000,12.05463000,1683.67017210,1584027760517,False,True
102,128000253,139.67000000,5.98069000,835.32297230,1584027760517,False,True
103,128000254,139.70000000,8.00000000,1117.60000000,1584027760550,False,True
104,128000255,139.71000000,13.19245000,1843.11718950,1584027760562,False,True
105,128000256,139.71000000,25.18557000,3518.67598470,1584027760586,False,True
106,128000257,139.72000000,18.06463000,2523.99010360,1584027760586,False,True
107,128000258,139.72000000,12.78888000,1786.86231360,1584027760601,False,True
108,128000259,139.73000000,2.39929000,335.25279170,1584027760601,False,True
109,128000260,139.73000000,1.85071000,258.59970830,1584027760615,False,True
110,128000261,139.74000000,13.02098000,1819.55174520,1584027760621,False,True
111,128000262,139.74000000,4.34032000,606.51631680,1584027760640,False,True
112,128000263,139.70000000,0.14307000,19.98687900,1584027760754,True,True
113,128000264,139.69000000,6.20307000,866.50684830,1584027760754,True,True
114,128000265,139.66000000,20.00000000,2793.20000000,1584027760754,True,True
115,128000266,139.63000000,2.46460000,344.13209800,1584027760801,True,True
116,128000267,139.69000000,2.39255000,334.21530950,1584027761013,False,True
117,128000268,139.69000000,4.34774000,607.33580060,1584027761013,False,True
118,128000269,139.73000000,0.14307000,19.99117110,1584027761105,False,True
119,128000270,139.74000000,0.88863000,124.17715620,1584027761105,False,True
120,128000271,139.67000000,0.14312000,19.98957040,1584027761212,True,True
121,128000272,139.66000000,5.87519000,820.52903540,1584027761212,True,True
122,128000273,139.66000000,0.36500000,50.97590000,1584027761619,True,True
123,128000274,139.63000000,1.22410000,170.92108300,1584027761678,True,True
124,128000275,139.67000000,0.14311000,19.98817370,1584027762025,False,True
125,128000276,139.65000000,0.30000000,41.89500000,1584027762627,True,True
126,128000277,139.70000000,21.48942000,3002.07197400,1584027762784,False,True
127,128000278,139.70000000,6.05584000,846.00084800,1584027762784,False,True
128,128000279,139.69000000,1.05511000,147.38831590,1584027762814,True,True
129,128000280,139.71000000,0.64429000,90.01375590,1584027762916,False,True
130,128000281,139.77000000,23.11834000,3231.25038180,1584027763073,True,True
131,128000282,139.72000000,6.11142000,853.88760240,1584027763073,True,True
132,128000283,139.72000000,0.14302000,19.98275440,1584027763073,True,True
133,128000284,139.71000000,3.90928000,546.16550880,1584027763073,True,True
134,128000285,139.71000000,12.17085000,1700.38945350,1584027763073,True,True
135,128000286,139.77000000,0.30000000,41.93100000,1584027763377,True,True
136,128000287,139.80000000,0.14302000,19.99419600,1584027763389,False,True
137,128000288,139.81000000,3.90928000,546.55643680,1584027763389,False,True
138,128000289,139.82000000,4.07890000,570.31179800,1584027764013,False,True
139,128000290,139.82000000,2.04968000,286.58625760,1584027764013,False,True
140,128000291,139.82000000,1.13553000,158.76980460,1584027764013,False,True
141,128000292,139.78000000,0.08485000,11.86033300,1584027764320,True,True
142,128000293,139.78000000,0.05817000,8.13100260,1584027764753,True,True
143,128000294,139.75000000,0.21183000,29.60324250,1584027764753,True,True
144,128000295,139.80000000,0.14303000,19.99559400,1584027764835,False,True
145,128000296,139.81000000,2.54417000,355.70040770,1584027764835,False,True
146,128000297,139.81000000,4.00000000,559.24000000,1584027764926,False,True
147,128000298,139.77000000,0.30000000,41.93100000,1584027766389,True,True
148,128000299,139.77000000,0.30000000,41.93100000,1584027766641,True,True
149,128000300,139.82000000,2.25300000,315.01446000,1584027766944,False,True
150,128000301,139.82000000,2.93941000,410.98830620,1584027766944,False,True
151,128000302,139.85000000,0.80759000,112.94146150,1584027766944,False,True
152,128000303,139.78000000,0.14301000,19.98993780,1584027767427,True,True
153,128000304,139.77000000,0.85709000,119.79546930,1584027767427,True,True
154,128000305,139.77000000,2.45219000,342.74259630,1584027767589,True,True
155,128000306,139.78000000,6.26305000,875.44912900,1584027767670,True,True
156,128000307,139.78000000,9.85695000,1377.80447100,1584027767670,True,True
157,128000308,139.75000000,0.14305000,19.99123750,1584027767670,True,True
158,128000309,139.78000000,0.40907000,57.17980460,1584027767718,False,True
159,128000310,139.78000000,5.91422000,826.68967160,1584027767732,True,True
160,128000311,139.74000000,0.08541000,11.93519340,1584027767759,True,True
161,128000312,139.74000000,5.82881000,814.51790940,1584027767939,True,True
162,128000313,139.76000000,0.14300000,19.98568000,1584027768385,False,True
163,128000314,139.78000000,0.14305000,19.99552900,1584027769023,False,True
164,128000315,139.79000000,4.85695000,678.95304050,1584027769075,True,True
165,128000316,139.80000000,9.89000000,1382.62200000,1584027769093,False,True
166,128000317,139.78000000,0.30000000,41.93400000,1584027769379,True,True
167,128000318,139.79000000,0.13630000,19.05337700,1584027770311,True,True
168,128000319,139.79000000,0.30000000,41.93700000,1584027770651,True,True
169,128000320,139.79000000,0.10420000,14.56611800,1584027770713,True,True
170,128000321,139.85000000,4.99977000,699.21783450,1584027772337,False,True
171,128000322,139.85000000,2.10023000,293.71716550,1584027772346,False,True
172,128000323,139.85000000,3.29815000,461.24627750,1584027772346,False,True
173,128000324,139.85000000,2.24437000,313.87514450,1584027772348,False,True
174,128000325,139.85000000,10.70805000,1497.52079250,1584027772348,False,True
175,128000326,139.86000000,9.69109000,1355.39584740,1584027772362,False,True
176,128000327,139.88000000,2.03681000,284.90898280,1584027772362,False,True
177,128000328,139.85000000,1.06967000,149.59334950,1584027772373,True,True
178,128000329,139.85000000,0.30000000,41.95500000,1584027772379,True,True
179,128000330,139.85000000,25.47146000,3562.18368100,1584027773679,True,True
180,128000331,139.84000000,0.14295000,19.99012800,1584027773679,True,True
181,128000332,139.83000000,10.18576000,1424.27482080,1584027773679,True,True
182,128000333,139.83000000,6.15814000,861.09271620,1584027773679,True,True
183,128000334,139.80000000,9.46262000,1322.87427600,1584027773679,True,True
184,128000335,139.79000000,0.70662000,98.77840980,1584027773679,True,True
185,128000336,139.87000000,0.14296000,19.99581520,1584027774371,False,True
186,128000337,139.88000000,0.07970000,11.14843600,1584027774510,False,True
187,128000338,139.82000000,0.14297000,19.99006540,1584027774651,True,True
188,128000339,139.79000000,0.15703000,21.95122370,1584027774651,True,True
189,128000340,139.80000000,0.14297000,19.98720600,1584027775387,True,True
190,128000341,139.79000000,0.15703000,21.95122370,1584027775387,True,True
191,128000342,139.80000000,0.09022000,12.61275600,1584027775796,True,True
192,128000343,139.82000000,0.30000000,41.94600000,1584027778403,True,True
193,128000344,139.81000000,0.30000000,41.94300000,1584027778671,True,True
194,128000345,139.85000000,1.00000000,139.85000000,1584027780275,False,True
195,128000346,139.81000000,0.07677000,10.73321370,1584027780877,True,True
196,128000347,139.81000000,0.30000000,41.94300000,1584027781410,True,True
197,128000348,139.85000000,0.23400000,32.72490000,1584027781913,False,True
198,128000349,139.85000000,1.20000000,167.82000000,1584027782291,False,True
199,128000350,139.82000000,0.30000000,41.94600000,1584027782679,True,True
200,128000351,139.85000000,1.74294000,243.75015900,1584027783344,False,True
201,128000352,139.82000000,0.30000000,41.94600000,1584027784416,True,True
202,128000353,139.85000000,0.07956000,11.12646600,1584027784683,False,True
203,128000354,139.82000000,10.12508000,1415.68868560,1584027784871,True,True
204,128000355,139.81000000,13.14396000,1837.65704760,1584027785045,True,True
205,128000356,139.81000000,0.84991000,118.82591710,1584027785176,True,True
206,128000357,139.80000000,0.05276000,7.37584800,1584027785176,True,True
207,128000358,139.80000000,1.74256000,243.60988800,1584027785176,True,True
208,128000359,139.80000000,6.45476000,902.37544800,1584027785191,True,True
209,128000360,139.80000000,2.02577000,283.20264600,1584027785206,True,True
210,128000361,139.80000000,2.86811000,400.96177800,1584027785266,True,True
211,128000362,139.81000000,20.30000000,2838.14300000,1584027785312,False,True
212,128000363,139.79000000,7.01000000,979.92790000,1584027785440,True,True
213,128000364,139.79000000,4.04896000,566.00411840,1584027785447,True,True
214,128000365,139.79000000,9.04391000,1264.24817890,1584027785459,True,True
215,128000366,139.79000000,7.53429000,1053.21839910,1584027785462,True,True
216,128000367,139.79000000,10.86869000,1519.33417510,1584027785470,True,True
217,128000368,139.79000000,5.14649000,719.42783710,1584027785472,True,True
218,128000369,139.79000000,1.99999000,279.57860210,1584027785508,True,True
219,128000370,139.79000000,33.83076000,4729.20194040,1584027785581,True,True
220,128000371,139.79000000,8.50000000,1188.21500000,1584027785581,True,True
221,128000372,139.79000000,2.08861000,291.96679190,1584027785585,True,True
222,128000373,139.79000000,1.50000000,209.68500000,1584027785585,True,True
223,128000374,139.79000000,1.00000000,139.79000000,1584027785589,True,True
224,128000375,139.79000000,1.37723000,192.52298170,1584027785592,True,True
225,128000376,139.79000000,17.38481000,2430.22258990,1584027785592,True,True
226,128000377,139.78000000,2.56458000,358.47699240,1584027785592,True,True
227,128000378,139.78000000,4.44542000,621.38080760,1584027785601,True,True
228,128000379,139.71000000,4.44542000,621.06962820,1584027785605,True,True
229,128000380,139.79000000,0.50000000,69.89500000,1584027785609,False,True
230,128000381,139.79000000,3.00000000,419.37000000,1584027785609,False,True
231,128000382,139.79000000,0.40000000,55.91600000,1584027785609,False,True
232,128000383,139.74000000,10.00000000,1397.40000000,1584027785794,False,True
233,128000384,139.70000000,0.23400000,32.68980000,1584027785956,True,True
234,128000385,139.69000000,6.46435000,903.00505150,1584027786333,True,True
235,128000386,139.68000000,2.48162000,346.63268160,1584027786517,True,True
236,128000387,139.68000000,6.42817000,897.88678560,1584027786517,True,True
237,128000388,139.65000000,6.43318000,898.39358700,1584027786517,True,True
238,128000389,139.63000000,4.35703000,608.37209890,1584027786517,True,True
239,128000390,139.70000000,0.14297000,19.97290900,1584027786668,False,True
240,128000391,139.71000000,3.68253000,514.48626630,1584027786668,False,True
241,128000392,139.59000000,0.30000000,41.87700000,1584027786698,True,True
242,128000393,139.67000000,0.28594000,39.93723980,1584027787097,False,True
243,128000394,139.71000000,0.22675000,31.67924250,1584027787097,False,True
244,128000395,139.72000000,0.48731000,68.08695320,1584027787097,False,True
245,128000396,139.63000000,0.14314000,19.98663820,1584027787466,True,True
246,128000397,139.62000000,0.15686000,21.90079320,1584027787466,True,True
247,128000398,139.63000000,0.14315000,19.98803450,1584027787503,True,True
248,128000399,139.63000000,0.14316000,19.98943080,1584027787536,True,True
249,128000400,139.62000000,3.52567000,492.25404540,1584027787536,True,True
250,128000401,139.62000000,1.04048000,145.27181760,1584027787536,True,True
251,128000402,139.61000000,0.14671000,20.48218310,1584027787751,False,True
252,128000403,139.57000000,3.68253000,513.97071210,1584027787763,True,True
253,128000404,139.51000000,2.10009000,292.98355590,1584027787993,True,True
254,128000405,139.58000000,0.14313000,19.97808540,1584027788204,False,True
255,128000406,139.64000000,3.68253000,514.22848920,1584027789143,False,True
256,128000407,139.64000000,0.28633000,39.98312120,1584027789143,False,True
257,128000408,139.70000000,0.84600000,118.18620000,1584027789457,False,True
258,128000409,139.72000000,0.86365000,120.66917800,1584027789457,False,True
259,128000410,139.75000000,4.14755000,579.62011250,1584027789457,False,True
260,128000411,139.75000000,4.33608000,605.96718000,1584027789459,False,True
261,128000412,139.72000000,1.10900000,154.94948000,1584027789500,True,True
262,128000413,139.73000000,0.27000000,37.72710000,1584027789604,True,True
263,128000414,139.78000000,5.93865000,830.10449700,1584027790006,False,True
264,128000415,139.79000000,4.06135000,567.73611650,1584027790006,False,True
265,128000416,139.79000000,4.79408000,670.16444320,1584027790006,False,True
266,128000417,139.79000000,6.44557000,901.02623030,1584027790008,False,True
267,128000418,139.80000000,6.88055000,961.90089000,1584027790008,False,True
268,128000419,139.80000000,0.12945000,18.09711000,1584027790009,False,True
269,128000420,139.81000000,6.88055000,961.96969550,1584027790009,False,True
270,128000421,139.81000000,6.08571000,850.84311510,1584027790011,False,True
271,128000422,139.85000000,8.35940000,1169.06209000,1584027790017,False,True
272,128000423,139.76000000,0.38000000,53.10880000,1584027790124,True,True
273,128000424,139.76000000,0.14301000,19.98707760,1584027790208,True,True
274,128000425,139.75000000,2.51859000,351.97295250,1584027790208,True,True
275,128000426,139.76000000,0.14303000,19.98987280,1584027790489,True,True
276,128000427,139.76000000,0.15697000,21.93812720,1584027790489,True,True
277,128000428,139.75000000,0.30000000,41.92500000,1584027790702,True,True
278,128000429,139.78000000,2.71515000,379.52366700,1584027790775,True,True
279,128000430,139.78000000,4.30085000,601.17281300,1584027790780,True,True
280,128000431,139.78000000,8.58179000,1199.56260620,1584027790782,True,True
281,128000432,139.78000000,3.32649000,464.97677220,1584027790786,True,True
282,128000433,139.78000000,1.23420000,172.51647600,1584027790803,True,True
283,128000434,139.78000000,0.27320000,38.18789600,1584027790881,True,True
284,128000435,139.78000000,7.10078000,992.54702840,1584027790881,True,True
285,128000436,139.78000000,2.83744000,396.61736320,1584027790887,True,True
286,128000437,139.78000000,2.71515000,379.52366700,1584027790919,True,True
287,128000438,139.78000000,2.71515000,379.52366700,1584027791063,True,True
288,128000439,139.76000000,0.14304000,19.99127040,1584027791354,True,True
289,128000440,139.75000000,2.57211000,359.45237250,1584027791391,True,True
290,128000441,139.74000000,7.85773000,1098.03919020,1584027791414,True,True
291,128000442,139.74000000,3.07604000,429.84582960,1584027791414,True,True
292,128000443,139.74000000,0.29934000,41.82977160,1584027791537,True,True
293,128000444,139.74000000,0.30000000,41.92200000,1584027793497,True,True
294,128000445,139.80000000,0.14300000,19.99140000,1584027793896,False,True
295,128000446,139.81000000,1.00167000,140.04348270,1584027793922,True,True
296,128000447,139.81000000,9.58000000,1339.37980000,1584027793997,True,True
297,128000448,139.81000000,0.00417000,0.58300770,1584027794011,True,True
298,128000449,139.75000000,0.14305000,19.99123750,1584027794712,True,True
299,128000450,139.74000000,0.15695000,21.93219300,1584027794712,True,True
300,128000451,139.80000000,0.11237000,15.70932600,1584027794717,False,True
301,128000452,139.74000000,0.08228000,11.49780720,1584027794876,True,True
302,128000453,139.75000000,3.10005000,433.23198750,1584027796420,True,True
303,128000454,139.75000000,0.30000000,41.92500000,1584027796501,True,True
304,128000455,139.75000000,3.10005000,433.23198750,1584027796688,True,True
305,128000456,139.75000000,3.90678000,545.97250500,1584027796698,True,True
306,128000457,139.75000000,5.58474000,780.46741500,1584027796700,True,True
307,128000458,139.75000000,0.30595000,42.75651250,1584027796729,True,True
308,128000459,139.72000000,7.01000000,979.43720000,1584027796758,True,True
309,128000460,139.74000000,3.10005000,433.20098700,1584027796813,False,True
310,128000461,139.74000000,28.90158000,4038.70678920,1584027796829,True,True
311,128000462,139.70000000,0.64904000,90.67088800,1584027796850,True,True
312,128000463,139.65000000,0.15000000,20.94750000,1584027797073,True,True
313,128000464,139.65000000,0.82461000,115.15678650,1584027797083,True,True
314,128000465,139.65000000,2.02539000,282.84571350,1584027797095,True,True
315,128000466,139.64000000,0.23400000,32.67576000,1584027797095,True,True
316,128000467,139.64000000,5.25068000,733.20495520,1584027797095,True,True
317,128000468,139.60000000,0.30192000,42.14803200,1584027797138,True,True
318,128000469,139.59000000,3.56273000,497.32148070,1584027797138,True,True
319,128000470,139.58000000,1.25584000,175.29014720,1584027797161,True,True
320,128000471,139.58000000,3.76750000,525.86765000,1584027797175,True,True
321,128000472,139.55000000,9.89979000,1381.51569450,1584027797447,True,True
322,128000473,139.54000000,0.85793000,119.71555220,1584027797447,True,True
323,128000474,139.54000000,6.14207000,857.06444780,1584027797580,True,True
324,128000475,139.48000000,0.23602000,32.92006960,1584027797805,True,True
325,128000476,139.44000000,0.10231000,14.26610640,1584027797805,True,True
326,128000477,139.42000000,2.40000000,334.60800000,1584027797805,True,True
327,128000478,139.39000000,2.24167000,312.46638130,1584027797805,True,True
328,128000479,139.56000000,0.16185000,22.58778600,1584027797958,False,True
329,128000480,139.51000000,0.31674000,44.18839740,1584027798360,False,True
330,128000481,139.52000000,20.43168000,2850.62799360,1584027798489,False,True
331,128000482,139.52000000,21.19450000,2957.05664000,1584027798489,False,True
332,128000483,139.52000000,6.37650000,889.64928000,1584027798489,False,True
333,128000484,139.49000000,12.76980000,1781.25940200,1584027798603,False,True
334,128000485,139.49000000,7.66188000,1068.75564120,1584027798608,False,True
335,128000486,139.58000000,0.80923000,112.95232340,1584027798689,False,True
336,128000487,139.58000000,2.40000000,334.99200000,1584027798689,False,True
337,128000488,139.58000000,4.20895000,587.48524100,1584027798689,False,True
338,128000489,139.51000000,0.14328000,19.98899280,1584027798706,True,True
339,128000490,139.50000000,0.88487000,123.43936500,1584027798706,True,True
340,128000491,139.58000000,2.08455000,290.96148900,1584027798711,False,True
341,128000492,139.50000000,0.30000000,41.85000000,1584027798727,True,True
342,128000493,139.52000000,3.98079000,555.39982080,1584027798878,False,True
343,128000494,139.52000000,14.28855000,1993.53849600,1584027798878,False,True
344,128000495,139.52000000,6.25324000,872.45204480,1584027798878,False,True
345,128000496,139.58000000,0.14330000,20.00181400,1584027798944,False,True
346,128000497,139.59000000,8.27506000,1155.11562540,1584027798944,False,True
347,128000498,139.61000000,3.27688000,457.48521680,1584027799418,False,True
348,128000499,139.53000000,0.30000000,41.85900000,1584027799501,True,True
349,128000500,139.62000000,0.53613000,74.85447060,1584027799779,True,True
350,128000501,139.61000000,0.31000000,43.27910000,1584027800051,False,True
351,128000502,139.60000000,3.90928000,545.73548800,1584027801190,True,True
352,128000503,139.59000000,3.90928000,545.69639520,1584027801190,True,True
353,128000504,139.57000000,6.58979000,919.73699030,1584027801190,True,True
354,128000505,139.57000000,5.59075000,780.30097750,1584027801190,True,True
355,128000506,139.55000000,0.14323000,19.98774650,1584027801948,True,True
356,128000507,139.57000000,1.40900000,196.65413000,1584027801956,False,True
357,128000508,139.54000000,0.14324000,19.98770960,1584027802513,True,True
358,128000509,139.53000000,0.15676000,21.87272280,1584027802513,True,True
359,128000510,139.61000000,0.10000000,13.96100000,1584027802582,False,True
360,128000511,139.54000000,0.14325000,19.98910500,1584027802736,True,True
361,128000512,139.53000000,0.15675000,21.87132750,1584027802736,True,True
362,128000513,139.61000000,0.04323000,6.03534030,1584027803334,False,True
363,128000514,139.61000000,1.73740000,242.55841400,1584027803334,False,True
364,128000515,139.55000000,2.33232000,325.47525600,1584027803694,True,True
365,128000516,139.56000000,1.04716000,146.14164960,1584027803751,True,True
366,128000517,139.60000000,0.28649000,39.99400400,1584027804563,False,True
367,128000518,139.63000000,0.08214000,11.46920820,1584027805056,False,True
368,128000519,139.57000000,0.14323000,19.99061110,1584027805520,True,True
369,128000520,139.56000000,0.15677000,21.87882120,1584027805520,True,True
370,128000521,139.64000000,0.07227000,10.09178280,1584027806004,False,True
371,128000522,139.64000000,0.07096000,9.90885440,1584027806169,False,True
372,128000523,139.65000000,3.08426000,430.71690900,1584027806169,False,True
373,128000524,139.66000000,5.40442000,754.78129720,1584027806191,False,True
374,128000525,139.68000000,2.27793000,318.18126240,1584027806299,False,True
375,128000526,139.68000000,3.37623000,471.59180640,1584027806301,False,True
376,128000527,139.68000000,0.23879000,33.35418720,1584027806321,False,True
377,128000528,139.65000000,0.30000000,41.89500000,1584027806738,True,True
378,128000529,139.65000000,5.81083000,811.48240950,1584027806825,True,True
379,128000530,139.71000000,2.99892000,418.97911320,1584027807736,False,True
380,128000531,139.67000000,0.30000000,41.90100000,1584027808300,True,True
381,128000532,139.67000000,0.54083000,75.53772610,1584027808300,True,True
382,128000533,139.64000000,0.14315000,19.98946600,1584027808516,True,True
383,128000534,139.63000000,0.15685000,21.90096550,1584027808516,True,True
384,128000535,139.64000000,0.14315000,19.98946600,1584027809370,True,True
385,128000536,139.63000000,1.01867000,142.23689210,1584027809370,True,True
386,128000537,139.68000000,0.14314000,19.99379520,1584027809675,False,True
387,128000538,139.69000000,0.09453000,13.20489570,1584027809675,False,True
388,128000539,139.71000000,3.20708000,448.06114680,1584027809675,False,True
389,128000540,139.71000000,1.56035000,217.99649850,1584027809675,False,True
390,128000541,139.65000000,0.14315000,19.99089750,1584027809779,True,True
391,128000542,139.64000000,0.14543000,20.30784520,1584027809779,True,True
392,128000543,139.68000000,0.14315000,19.99519200,1584027810442,False,True
393,128000544,139.63000000,0.14317000,19.99082710,1584027810761,True,True
394,128000545,139.62000000,0.15683000,21.89660460,1584027810761,True,True
395,128000546,139.68000000,0.00001000,0.00139680,1584027811265,False,True
396,128000547,139.69000000,0.28858000,40.31174020,1584027811265,False,True
397,128000548,139.69000000,4.26400000,595.63816000,1584027811265,False,True
398,128000549,139.70000000,0.30000000,41.91000000,1584027811522,True,True
399,128000550,139.72000000,0.14308000,19.99113760,1584027812165,True,True
400,128000551,139.71000000,3.68884000,515.36783640,1584027812165,True,True
401,128000552,139.77000000,0.08025000,11.21654250,1584027812955,False,True
402,128000553,139.77000000,0.20607000,28.80240390,1584027813632,False,True
403,128000554,139.78000000,8.00000000,1118.24000000,1584027813645,False,True
404,128000555,139.78000000,1.67389000,233.97634420,1584027813645,False,True
405,128000556,139.77000000,0.14308000,19.99829160,1584027813656,False,True
406,128000557,139.79000000,0.07157000,10.00477030,1584027813656,False,True
407,128000558,139.80000000,4.12232000,576.30033600,1584027813667,False,True
408,128000559,139.80000000,3.45575000,483.11385000,1584027813687,False,True
409,128000560,139.81000000,6.06237000,847.57994970,1584027813687,False,True
410,128000561,139.81000000,3.06356000,428.31632360,1584027813716,False,True
411,128000562,139.81000000,3.45575000,483.14840750,1584027813716,False,True
412,128000563,139.82000000,8.66690000,1211.80595800,1584027813731,False,True
413,128000564,139.82000000,7.10000000,992.72200000,1584027813731,False,True
414,128000565,139.85000000,2.78537000,389.53399450,1584027813763,False,True
415,128000566,139.85000000,7.14367000,999.04224950,1584027813776,False,True
416,128000567,139.85000000,6.29751000,880.70677350,1584027813788,False,True
417,128000568,139.79000000,0.14301000,19.99136790,1584027814253,True,True
418,128000569,139.79000000,0.03598000,5.02964420,1584027814253,True,True
419,128000570,139.79000000,0.30000000,41.93700000,1584027814521,True,True
420,128000571,139.80000000,0.30000000,41.94000000,1584027814764,True,True
421,128000572,139.84000000,0.08464000,11.83605760,1584027815247,False,True
422,128000573,139.84000000,0.05837000,8.16246080,1584027815829,False,True
423,128000574,139.85000000,0.08065000,11.27890250,1584027815829,False,True
424,128000575,139.79000000,0.14301000,19.99136790,1584027817532,True,True
425,128000576,139.77000000,0.15699000,21.94249230,1584027817532,True,True
426,128000577,139.85000000,1.78063000,249.02110550,1584027817555,False,True
427,128000578,139.84000000,0.14301000,19.99851840,1584027818326,False,True
428,128000579,139.85000000,7.64558000,1069.23436300,1584027818461,False,True
429,128000580,139.85000000,0.28713000,40.15513050,1584027818461,False,True
430,128000581,139.84000000,0.30000000,41.95200000,1584027818763,True,True
431,128000582,139.84000000,0.30000000,41.95200000,1584027820542,True,True
432,128000583,139.88000000,3.20246000,447.96010480,1584027820803,False,True
433,128000584,139.89000000,7.02000000,982.02780000,1584027820803,False,True
434,128000585,139.90000000,9.97754000,1395.85784600,1584027820803,False,True
435,128000586,139.84000000,0.14295000,19.99012800,1584027821713,True,True
436,128000587,139.84000000,0.49359000,69.02362560,1584027821713,True,True
437,128000588,139.84000000,0.10000000,13.98400000,1584027821896,True,True
438,128000589,139.84000000,0.04295000,6.00612800,1584027822451,True,True
439,128000590,139.83000000,0.29105000,40.69752150,1584027822451,True,True
440,128000591,139.83000000,0.30000000,41.94900000,1584027822775,True,True
441,128000592,139.87000000,2.00000000,279.74000000,1584027823487,False,True
442,128000593,139.87000000,1.11502000,155.95784740,1584027823516,False,True
443,128000594,139.87000000,3.34505000,467.87214350,1584027823520,False,True
444,128000595,139.87000000,0.30000000,41.96100000,1584027823549,True,True
445,128000596,139.89000000,0.14295000,19.99727550,1584027823620,False,True
446,128000597,139.90000000,0.27914000,39.05168600,1584027823620,False,True
447,128000598,139.88000000,1.96577000,274.97190760,1584027824274,True,True
448,128000599,139.90000000,1.78088000,249.14511200,1584027824631,False,True
449,128000600,139.90000000,0.08238000,11.52496200,1584027825453,False,True
450,128000601,139.88000000,5.70999000,798.71340120,1584027825675,False,True
451,128000602,139.90000000,2.07501000,290.29389900,1584027825788,False,True
452,128000603,139.90000000,3.73582000,522.64121800,1584027825793,False,True
453,128000604,139.85000000,0.30000000,41.95500000,1584027826556,True,True
454,128000605,139.85000000,0.20000000,27.97000000,1584027826696,True,True
455,128000606,139.83000000,0.14296000,19.99009680,1584027826782,True,True
456,128000607,139.82000000,0.15704000,21.95733280,1584027826782,True,True
457,128000608,139.82000000,6.46368000,903.75173760,1584027826792,True,True
458,128000609,139.81000000,15.22688000,2128.87009280,1584027826865,True,True
459,128000610,139.81000000,9.72565000,1359.74312650,1584027826873,True,True
460,128000611,139.81000000,0.65624000,91.74891440,1584027826873,True,True
461,128000612,139.81000000,0.50000000,69.90500000,1584027827006,True,True
462,128000613,139.80000000,4.04954000,566.12569200,1584027827095,True,True
463,128000614,139.78000000,0.14301000,19.98993780,1584027827193,True,True
464,128000615,139.78000000,5.98521000,836.61265380,1584027827193,True,True
465,128000616,139.77000000,7.02000000,981.18540000,1584027827210,True,True
466,128000617,139.78000000,0.50000000,69.89000000,1584027827285,True,True
467,128000618,139.77000000,3.50013000,489.21317010,1584027827285,True,True
468,128000619,139.77000000,0.34981000,48.89294370,1584027827292,True,True
469,128000620,139.76000000,1.50000000,209.64000000,1584027827292,True,True
470,128000621,139.76000000,7.63153000,1066.58263280,1584027827292,True,True
471,128000622,139.74000000,7.02000000,980.97480000,1584027827292,True,True
472,128000623,139.73000000,2.50000000,349.32500000,1584027827293,True,True
473,128000624,139.73000000,0.75697000,105.77141810,1584027827293,True,True
474,128000625,139.73000000,2.50000000,349.32500000,1584027827295,True,True
475,128000626,139.82000000,3.76303000,526.14685460,1584027827304,True,True
476,128000627,139.82000000,4.97998000,696.30080360,1584027827320,True,True
477,128000628,139.73000000,1.36542000,190.79013660,1584027827326,True,True
478,128000629,139.70000000,2.70278000,377.57836600,1584027827326,True,True
479,128000630,139.70000000,1.00000000,139.70000000,1584027827353,True,True
480,128000631,139.80000000,0.14294000,19.98301200,1584027827418,False,True
481,128000632,139.81000000,4.78748000,669.33757880,1584027827418,False,True
482,128000633,139.74000000,0.14306000,19.99120440,1584027828202,True,True
483,128000634,139.73000000,9.05281000,1264.94914130,1584027828202,True,True
484,128000635,139.73000000,3.90660000,545.86921800,1584027828202,True,True
485,128000636,139.73000000,2.20202000,307.68825460,1584027828203,True,True
486,128000637,139.73000000,0.50000000,69.86500000,1584027828203,True,True
487,128000638,139.74000000,20.43168000,2855.12296320,1584027829161,False,True
488,128000639,139.77000000,8.67767000,1212.87793590,1584027829161,False,True
489,128000640,139.78000000,13.38723000,1871.26700940,1584027829161,False,True
490,128000641,139.80000000,0.28598000,39.98000400,1584027829170,False,True
491,128000642,139.81000000,4.74331000,663.16217110,1584027829170,False,True
492,128000643,139.81000000,0.50000000,69.90500000,1584027829170,False,True
493,128000644,139.81000000,1.97413000,276.00311530,1584027829170,False,True
494,128000645,139.81000000,5.97129000,834.84605490,1584027829186,False,True
495,128000646,139.72000000,2.22418000,310.76242960,1584027829313,True,True
496,128000647,139.74000000,0.14306000,19.99120440,1584027829565,True,True
497,128000648,139.73000000,0.15694000,21.92922620,1584027829565,True,True
498,128000649,139.74000000,0.14306000,19.99120440,1584027829723,True,True
499,128000650,139.73000000,1.71794000,240.04775620,1584027829723,True,True
