,id,price,qty,quoteQty,time,isBuyerMaker,isBestMatch
0,123929303,222.70000000,0.97452000,217.02560400,1582909687706,True,True
1,123929304,222.75000000,1.75533000,390.99975750,1582909687884,False,True
2,123929305,222.76000000,1.98029000,441.12940040,1582909687884,False,True
3,123929306,222.76000000,2.11562000,471.27551120,1582909687884,False,True
4,123929307,222.76000000,0.14876000,33.13777760,1582909687884,False,True
5,123929308,222.70000000,1.72031000,383.11303700,1582909687887,True,True
6,123929309,222.70000000,0.09969000,22.20096300,1582909687887,True,True
7,123929310,222.74000000,0.67300000,149.90402000,1582909688008,False,True
8,123929311,222.73000000,0.20001000,44.54822730,1582909688115,False,True
9,123929312,222.74000000,1.17399000,261.49453260,1582909688115,False,True
10,123929313,222.70000000,0.00031000,0.06903700,1582909688290,True,True
11,123929314,222.63000000,0.08947000,19.91870610,1582909688290,True,True
12,123929315,222.64000000,0.10000000,22.26400000,1582909688335,True,True
13,123929316,222.64000000,0.09400000,20.92816000,1582909688700,True,True
14,123929317,222.73000000,1.00101000,222.95495730,1582909688784,False,True
15,123929318,222.64000000,0.05220000,11.62180800,1582909688852,True,True
16,123929319,222.64000000,0.10000000,22.26400000,1582909688953,True,True
17,123929320,222.64000000,0.25803000,57.44779920,1582909689125,True,True
18,123929321,222.64000000,3.59881000,801.23905840,1582909689283,True,True
19,123929322,222.63000000,0.08681000,19.32651030,1582909689283,True,True
20,123929323,222.61000000,1.37589000,306.28687290,1582909689283,True,True
21,123929324,222.60000000,26.15334000,5821.73348400,1582909689283,True,True
22,123929325,222.60000000,1.00269000,223.19879400,1582909689283,True,True
23,123929326,222.58000000,0.06506000,14.48105480,1582909689427,True,True
24,123929327,222.56000000,0.03494000,7.77624640,1582909689427,True,True
25,123929328,222.70000000,0.62055000,138.19648500,1582909689559,False,True
26,123929329,222.69000000,6.00000000,1336.14000000,1582909689731,False,True
27,123929330,222.69000000,1.16897000,260.31792930,1582909689816,False,True
28,123929331,222.69000000,2.83103000,630.44207070,1582909689816,False,True
29,123929332,222.69000000,17.88696000,3983.24712240,1582909689855,False,True
30,123929333,222.63000000,1.75581000,390.89598030,1582909690152,True,True
31,123929334,222.62000000,0.54968000,122.36976160,1582909690152,True,True
32,123929335,222.61000000,0.54539000,121.40926790,1582909690152,True,True
33,123929336,222.70000000,4.66953000,1039.90433100,1582909690417,False,True
34,123929337,222.70000000,5.33047000,1187.09566900,1582909690417,False,True
35,123929338,222.66000000,0.12791000,28.48044060,1582909691100,True,True
36,123929339,222.66000000,0.10000000,22.26600000,1582909691122,True,True
37,123929340,222.66000000,0.10000000,22.26600000,1582909691123,True,True
38,123929341,222.72000000,1.00033000,222.79349760,1582909691257,False,True
39,123929342,222.65000000,1.75573000,390.91328450,1582909691294,True,True
40,123929343,222.64000000,1.75569000,390.88682160,1582909691294,True,True
41,123929344,222.63000000,1.75588000,390.91156440,1582909691294,True,True
42,123929345,222.63000000,2.45962000,547.58520060,1582909691294,True,True
43,123929346,222.71000000,4.96913000,1106.67494230,1582909691547,False,True
44,123929347,222.72000000,1.03087000,229.59536640,1582909691547,False,True
45,123929348,222.62000000,0.05153000,11.47160860,1582909691690,True,True
46,123929349,222.58000000,0.77747000,173.04927260,1582909692979,True,True
47,123929350,222.58000000,1.54951000,344.88993580,1582909692983,True,True
48,123929351,222.59000000,0.10000000,22.25900000,1582909693116,True,True
49,123929352,222.58000000,0.10000000,22.25800000,1582909693377,True,True
50,123929353,222.70000000,1.00105000,222.93383500,1582909693766,False,True
51,123929354,222.63000000,0.10000000,22.26300000,1582909693886,True,True
52,123929355,222.72000000,1.20000000,267.26400000,1582909693934,False,True
53,123929356,222.72000000,3.59698000,801.11938560,1582909694024,False,True
54,123929357,222.66000000,0.20677000,46.03940820,1582909694037,True,True
55,123929358,222.76000000,1.75545000,391.04404200,1582909694145,False,True
56,123929359,222.77000000,0.04490000,10.00237300,1582909694145,False,True
57,123929360,222.77000000,0.19965000,44.47603050,1582909694145,False,True
58,123929361,222.76000000,5.78632000,1288.96064320,1582909694184,False,True
59,123929362,222.76000000,0.50792000,113.14425920,1582909694378,False,True
60,123929363,222.70000000,0.36038000,80.25662600,1582909694470,True,True
61,123929364,222.77000000,0.10000000,22.27700000,1582909694515,False,True
62,123929365,222.71000000,1.75525000,390.91172750,1582909694515,True,True
63,123929366,222.71000000,0.91847000,204.55245370,1582909694515,True,True
64,123929367,222.77000000,4.35200000,969.49504000,1582909694650,False,True
65,123929368,222.77000000,1.50000000,334.15500000,1582909694708,False,True
66,123929369,222.73000000,0.51619000,114.97099870,1582909694861,True,True
67,123929370,222.76000000,0.08979000,20.00162040,1582909695209,True,True
68,123929371,222.78000000,0.10000000,22.27800000,1582909695362,False,True
69,123929372,222.78000000,0.56897000,126.75513660,1582909695401,False,True
70,123929373,222.78000000,1.26900000,282.70782000,1582909695463,False,True
71,123929374,222.85000000,3.64400000,812.06540000,1582909695920,False,True
72,123929375,222.92000000,0.77572000,172.92350240,1582909695975,False,True
73,123929376,222.92000000,0.12428000,27.70449760,1582909695975,False,True
74,123929377,222.94000000,1.00022000,222.98904680,1582909696159,False,True
75,123929378,222.94000000,1.75400000,391.03676000,1582909696519,False,True
76,123929379,222.95000000,2.25000000,501.63750000,1582909696766,False,True
77,123929380,222.95000000,1.89946000,423.48460700,1582909696771,False,True
78,123929381,222.94000000,1.75388000,391.01000720,1582909696860,False,True
79,123929382,222.99000000,1.07765000,240.30517350,1582909696965,False,True
80,123929383,223.00000000,0.20135000,44.90105000,1582909696965,False,True
81,123929384,222.98000000,0.11563000,25.78317740,1582909697324,False,True
82,123929385,222.99000000,0.11337000,25.28037630,1582909697324,False,True
83,123929386,222.99000000,1.77100000,394.91529000,1582909697331,False,True
84,123929387,222.97000000,1.75368000,391.01802960,1582909697349,False,True
85,123929388,222.99000000,0.26987000,60.17831130,1582909697349,False,True
86,123929389,223.00000000,3.99645000,891.20835000,1582909697349,False,True
87,123929390,222.91000000,0.12604000,28.09557640,1582909697471,True,True
88,123929391,222.98000000,0.05358000,11.94726840,1582909697585,False,True
89,123929392,223.00000000,4.72242000,1053.09966000,1582909697585,False,True
90,123929393,223.00000000,11.59700000,2586.13100000,1582909697607,False,True
91,123929394,222.93000000,2.33000000,519.42690000,1582909697907,True,True
92,123929395,223.00000000,1.00373000,223.83179000,1582909698113,False,True
93,123929396,222.93000000,1.57928000,352.06889040,1582909698273,True,True
94,123929397,222.92000000,4.67336000,1041.78541120,1582909698291,True,True
95,123929398,222.91000000,0.08970000,19.99502700,1582909698847,True,True
96,123929399,222.91000000,0.05186000,11.56011260,1582909699053,True,True
97,123929400,223.00000000,3.84000000,856.32000000,1582909699455,False,True
98,123929401,222.92000000,5.03999000,1123.51457080,1582909700003,True,True
99,123929402,222.92000000,3.96392000,883.63704640,1582909700024,True,True
100,123929403,222.92000000,5.03999000,1123.51457080,1582909700075,True,True
101,123929404,222.96000000,1.00129000,223.24761840,1582909700110,False,True
102,123929405,222.92000000,2.00610000,447.19981200,1582909700124,True,True
103,123929406,222.89000000,2.30000000,512.64700000,1582909700124,True,True
104,123929407,222.88000000,3.32534000,741.15177920,1582909700132,True,True
105,123929408,222.88000000,3.75062000,835.93818560,1582909700136,True,True
106,123929409,222.88000000,0.92403000,205.94780640,1582909700157,True,True
107,123929410,222.88000000,2.82659000,629.99037920,1582909700157,True,True
108,123929411,222.88000000,2.11619000,471.65642720,1582909700159,True,True
109,123929412,222.80000000,11.72790000,2612.97612000,1582909700180,True,True
110,123929413,222.87000000,1.48703000,331.41437610,1582909700194,True,True
111,123929414,222.81000000,0.35891000,79.96873710,1582909700209,True,True
112,123929415,222.79000000,0.10000000,22.27900000,1582909700285,True,True
113,123929416,222.79000000,0.08971000,19.98649090,1582909700310,True,True
114,123929417,222.89000000,1.07963000,240.63873070,1582909702309,False,True
115,123929418,222.89000000,3.90928000,871.33941920,1582909703043,False,True
116,123929419,222.89000000,4.71265000,1050.40255850,1582909703043,False,True
117,123929420,222.90000000,7.99999000,1783.19777100,1582909703043,False,True
118,123929421,222.91000000,1.50000000,334.36500000,1582909703043,False,True
119,123929422,222.91000000,10.78600000,2404.30726000,1582909703043,False,True
120,123929423,222.92000000,2.12243000,473.13209560,1582909703043,False,True
121,123929424,222.93000000,1.76617000,393.73227810,1582909703043,False,True
122,123929425,222.94000000,3.31252000,738.49320880,1582909703043,False,True
123,123929426,222.95000000,3.15316000,702.99702200,1582909704262,False,True
124,123929427,222.95000000,1.00962000,225.09477900,1582909704426,False,True
125,123929428,222.80000000,0.10000000,22.28000000,1582909705733,True,True
126,123929429,222.81000000,0.08972000,19.99051320,1582909705785,True,True
127,123929430,222.83000000,1.75430000,390.91066900,1582909705921,True,True
128,123929431,222.83000000,3.03503000,676.29573490,1582909705959,True,True
129,123929432,222.81000000,4.07661000,908.30947410,1582909705959,True,True
130,123929433,222.79000000,0.54967000,122.46097930,1582909706218,True,True
131,123929434,222.79000000,0.23558000,52.48486820,1582909706264,True,True
132,123929435,222.78000000,2.01442000,448.77248760,1582909706264,True,True
133,123929436,222.78000000,0.22130000,49.30121400,1582909706275,True,True
134,123929437,222.78000000,0.10000000,22.27800000,1582909706317,True,True
135,123929438,222.78000000,0.10000000,22.27800000,1582909706666,True,True
136,123929439,222.87000000,1.04659000,233.25351330,1582909706703,False,True
137,123929440,222.78000000,0.48940000,109.02853200,1582909706989,True,True
138,123929441,222.78000000,0.25779000,57.43045620,1582909706992,True,True
139,123929442,222.78000000,1.30280000,290.23778400,1582909707325,True,True
140,123929443,222.78000000,0.32762000,72.98718360,1582909707325,True,True
141,123929444,222.76000000,7.28958000,1623.82684080,1582909707325,True,True
142,123929445,222.76000000,0.10000000,22.27600000,1582909707344,True,True
143,123929446,222.76000000,0.13290000,29.60480400,1582909707361,True,True
144,123929447,222.76000000,1.39752000,311.31155520,1582909707362,True,True
145,123929448,222.73000000,1.76860000,393.92027800,1582909707371,True,True
146,123929449,222.73000000,0.13290000,29.60081700,1582909707384,True,True
147,123929450,222.73000000,0.10000000,22.27300000,1582909707501,True,True
148,123929451,222.73000000,3.99850000,890.58590500,1582909707607,True,True
149,123929452,222.68000000,0.10000000,22.26800000,1582909708283,True,True
150,123929453,222.68000000,3.68140000,819.77415200,1582909708670,True,True
151,123929454,222.77000000,1.00031000,222.83905870,1582909708894,False,True
152,123929455,222.63000000,0.10000000,22.26300000,1582909709185,True,True
153,123929456,222.63000000,0.05233000,11.65022790,1582909709264,True,True
154,123929457,222.74000000,4.10024000,913.28745760,1582909709895,False,True
155,123929458,222.74000000,1.89976000,423.15254240,1582909709895,False,True
156,123929459,222.60000000,0.28074000,62.49272400,1582909709932,True,True
157,123929460,222.59000000,1.41926000,315.91308340,1582909709932,True,True
158,123929461,222.72000000,0.05281000,11.76184320,1582909710054,False,True
159,123929462,222.60000000,0.10000000,22.26000000,1582909710079,True,True
160,123929463,222.56000000,0.08982000,19.99033920,1582909711028,True,True
161,123929464,222.70000000,1.00031000,222.76903700,1582909711164,False,True
162,123929465,222.59000000,0.08983000,19.99525970,1582909711245,True,True
163,123929466,222.58000000,0.09393000,20.90693940,1582909711477,True,True
164,123929467,222.58000000,1.50330000,334.60451400,1582909711531,True,True
165,123929468,222.58000000,0.00005000,0.01112900,1582909711532,True,True
166,123929469,222.57000000,0.09995000,22.24587150,1582909711532,True,True
167,123929470,222.58000000,1.09844000,244.49077520,1582909711627,True,True
168,123929471,222.57000000,2.81356000,626.21404920,1582909711627,True,True
169,123929472,222.57000000,0.08984000,19.99568880,1582909711656,True,True
170,123929473,222.57000000,0.08984000,19.99568880,1582909711854,True,True
171,123929474,222.57000000,0.08984000,19.99568880,1582909712066,True,True
172,123929475,222.67000000,10.00000000,2226.70000000,1582909712699,False,True
173,123929476,222.67000000,5.94300000,1323.32781000,1582909712882,False,True
174,123929477,222.67000000,0.05700000,12.69219000,1582909712882,False,True
175,123929478,222.67000000,15.99300000,3561.16131000,1582909712947,False,True
176,123929479,222.68000000,5.04398000,1123.19346640,1582909712968,False,True
177,123929480,222.72000000,1.00013000,222.74895360,1582909713495,False,True
178,123929481,222.70000000,0.78136000,174.00887200,1582909714039,True,True
179,123929482,222.70000000,0.06288000,14.00337600,1582909714653,True,True
180,123929483,222.77000000,1.88002000,418.81205540,1582909715603,False,True
181,123929484,222.78000000,5.01773000,1117.84988940,1582909715603,False,True
182,123929485,222.70000000,0.09341000,20.80240700,1582909715795,True,True
183,123929486,222.78000000,1.00063000,222.92035140,1582909715905,False,True
184,123929487,222.78000000,4.00000000,891.12000000,1582909716733,False,True
185,123929488,222.78000000,0.50000000,111.39000000,1582909716740,False,True
186,123929489,222.77000000,8.98469000,2001.51939130,1582909717089,False,True
187,123929490,222.79000000,3.24912000,723.87144480,1582909717089,False,True
188,123929491,222.79000000,5.03852000,1122.53187080,1582909717089,False,True
189,123929492,222.83000000,11.58929000,2582.44149070,1582909717089,False,True
190,123929493,222.83000000,2.47928000,552.45796240,1582909717089,False,True
191,123929494,222.75000000,0.08979000,20.00072250,1582909717325,True,True
192,123929495,222.75000000,1.66511000,370.90325250,1582909717349,True,True
193,123929496,222.74000000,3.90928000,870.75302720,1582909717349,True,True
194,123929497,222.74000000,0.86227000,192.06201980,1582909717349,True,True
195,123929498,222.83000000,1.03974000,231.68526420,1582909717929,False,True
196,123929499,222.76000000,1.75486000,390.91261360,1582909717970,True,True
197,123929500,222.75000000,1.35344000,301.47876000,1582909717970,True,True
198,123929501,222.75000000,0.10000000,22.27500000,1582909718120,True,True
199,123929502,222.79000000,1.00200000,223.23558000,1582909718849,True,True
200,123929503,222.79000000,0.05279000,11.76108410,1582909719465,True,True
201,123929504,222.81000000,1.75474000,390.97361940,1582909719471,False,True
202,123929505,222.82000000,1.00526000,223.99203320,1582909719471,False,True
203,123929506,222.82000000,1.02120000,227.54378400,1582909719981,False,True
204,123929507,222.71000000,0.10000000,22.27100000,1582909721422,True,True
205,123929508,222.73000000,0.08979000,19.99892670,1582909722166,True,True
206,123929509,222.76000000,1.07246000,238.90118960,1582909722176,False,True
207,123929510,222.73000000,0.10000000,22.27300000,1582909722201,True,True
208,123929511,222.77000000,0.50000000,111.38500000,1582909723421,False,True
209,123929512,222.78000000,1.00892000,224.76719760,1582909724308,False,True
210,123929513,222.78000000,1.00033000,222.85351740,1582909726487,False,True
211,123929514,222.73000000,0.11021000,24.54707330,1582909727166,True,True
212,123929515,222.71000000,0.25218000,56.16300780,1582909727305,True,True
213,123929516,222.70000000,0.10000000,22.27000000,1582909727589,True,True
214,123929517,222.71000000,1.75529000,390.92063590,1582909728252,True,True
215,123929518,222.70000000,0.30171000,67.19081700,1582909728252,True,True
216,123929519,222.70000000,1.75535000,390.91644500,1582909728257,True,True
217,123929520,222.69000000,3.01055000,670.41937950,1582909728257,True,True
218,123929521,222.68000000,7.89999000,1759.16977320,1582909728376,True,True
219,123929522,222.62000000,0.10000000,22.26200000,1582909728458,True,True
220,123929523,222.71000000,1.00804000,224.50058840,1582909728714,False,True
221,123929524,222.72000000,1.45344000,323.71015680,1582909729511,False,True
222,123929525,222.72000000,1.63803000,364.82204160,1582909729511,False,True
223,123929526,222.72000000,2.90853000,647.78780160,1582909729511,False,True
224,123929527,222.60000000,0.05061000,11.26578600,1582909729659,True,True
225,123929528,222.63000000,0.26953000,60.00546390,1582909730623,True,True
226,123929529,222.63000000,0.38200000,85.04466000,1582909730629,True,True
227,123929530,222.62000000,0.20319000,45.23415780,1582909730769,True,True
228,123929531,222.72000000,1.00011000,222.74449920,1582909730990,False,True
229,123929532,222.73000000,3.30000000,735.00900000,1582909731250,False,True
230,123929533,222.79000000,1.00289000,223.43386310,1582909733365,False,True
231,123929534,222.74000000,0.30000000,66.82200000,1582909734989,True,True
232,123929535,222.74000000,1.00567000,224.00293580,1582909735774,False,True
233,123929536,222.74000000,0.62000000,138.09880000,1582909735804,False,True
234,123929537,222.74000000,2.09171000,465.90748540,1582909736408,False,True
235,123929538,222.75000000,0.25720000,57.29130000,1582909736897,True,True
236,123929539,222.79000000,1.00171000,223.17097090,1582909738267,False,True
237,123929540,222.75000000,3.79221000,844.71477750,1582909738561,True,True
238,123929541,222.74000000,0.66600000,148.34484000,1582909738933,False,True
239,123929542,222.74000000,0.57900000,128.96646000,1582909739040,False,True
240,123929543,222.68000000,0.05075000,11.30101000,1582909739853,True,True
241,123929544,222.73000000,2.19800000,489.56054000,1582909740215,False,True
242,123929545,222.70000000,1.75549000,390.94762300,1582909740865,True,True
243,123929546,222.69000000,7.20796000,1605.14061240,1582909740865,True,True
244,123929547,222.74000000,0.00010000,0.02227400,1582909740867,False,True
245,123929548,222.78000000,1.03817000,231.28351260,1582909740867,False,True
246,123929549,222.67000000,0.09857000,21.94858190,1582909742576,True,True
247,123929550,222.76000000,1.90232000,423.76080320,1582909742928,False,True
248,123929551,222.75000000,0.80974000,180.36958500,1582909743524,False,True
249,123929552,222.76000000,0.23022000,51.28380720,1582909743524,False,True
250,123929553,222.76000000,1.00078000,222.93375280,1582909745980,False,True
251,123929554,222.71000000,0.04492000,10.00413320,1582909748485,False,True
252,123929555,222.76000000,0.95996000,213.84068960,1582909748485,False,True
253,123929556,222.69000000,0.12615000,28.09234350,1582909748494,True,True
254,123929557,222.65000000,0.05207000,11.59338550,1582909750055,True,True
255,123929558,222.65000000,0.78148000,173.99652200,1582909750303,True,True
256,123929559,222.73000000,0.50000000,111.36500000,1582909750493,False,True
257,123929560,222.74000000,1.00159000,223.09415660,1582909750988,False,True
258,123929561,222.75000000,0.22100000,49.22775000,1582909751672,False,True
259,123929562,222.82000000,1.00257000,223.39264740,1582909753492,False,True
260,123929563,222.82000000,1.29740000,289.08666800,1582909753747,False,True
261,123929564,222.82000000,0.00003000,0.00668460,1582909753817,False,True
262,123929565,222.85000000,1.49997000,334.26831450,1582909753817,False,True
263,123929566,222.85000000,0.00003000,0.00668550,1582909753846,False,True
264,123929567,222.88000000,2.25000000,501.48000000,1582909753849,False,True
265,123929568,222.88000000,0.15000000,33.43200000,1582909753873,False,True
266,123929569,222.88000000,0.10000000,22.28800000,1582909753874,False,True
267,123929570,222.90000000,2.15000000,479.23500000,1582909753874,False,True
268,123929571,222.90000000,0.25000000,55.72500000,1582909753882,False,True
269,123929572,222.90000000,0.52950000,118.02555000,1582909753897,False,True
270,123929573,222.90000000,0.66298000,147.77824200,1582909753922,False,True
271,123929574,222.94000000,0.19519000,43.51565860,1582909754052,False,True
272,123929575,222.95000000,0.80612000,179.72445400,1582909754057,False,True
273,123929576,222.95000000,0.80612000,179.72445400,1582909754057,False,True
274,123929577,222.95000000,0.63776000,142.18859200,1582909754057,False,True
275,123929578,222.95000000,0.16836000,37.53586200,1582909754063,False,True
276,123929579,222.95000000,0.63774000,142.18413300,1582909754063,False,True
277,123929580,222.95000000,0.16838000,37.54032100,1582909754066,False,True
278,123929581,222.95000000,0.80612000,179.72445400,1582909754066,False,True
279,123929582,222.95000000,0.27550000,61.42272500,1582909754066,False,True
280,123929583,222.95000000,0.53062000,118.30172900,1582909754070,False,True
281,123929584,222.95000000,0.80612000,179.72445400,1582909754070,False,True
282,123929585,222.95000000,0.80612000,179.72445400,1582909754070,False,True
283,123929586,222.95000000,0.80612000,179.72445400,1582909754070,False,True
284,123929587,222.95000000,0.80612000,179.72445400,1582909754070,False,True
285,123929588,222.96000000,0.74490000,166.08290400,1582909754070,False,True
286,123929589,222.86000000,0.36945000,82.33562700,1582909754291,True,True
287,123929590,222.96000000,1.00197000,223.39923120,1582909755992,False,True
288,123929591,222.96000000,0.30000000,66.88800000,1582909757965,False,True
289,123929592,222.96000000,2.95500000,658.84680000,1582909757986,False,True
290,123929593,222.96000000,0.10900000,24.30264000,1582909758052,False,True
291,123929594,222.96000000,1.00435000,223.92987600,1582909758511,False,True
292,123929595,222.98000000,0.00050000,0.11149000,1582909758511,False,True
293,123929596,222.92000000,0.08000000,17.83360000,1582909759613,True,True
294,123929597,222.92000000,0.05188000,11.56508960,1582909760259,True,True
295,123929598,222.98000000,3.36659000,750.68223820,1582909760367,False,True
296,123929599,223.00000000,0.07400000,16.50200000,1582909760815,False,True
297,123929600,223.00000000,3.52000000,784.96000000,1582909760909,False,True
298,123929601,223.00000000,1.00038000,223.08474000,1582909761003,False,True
299,123929602,223.00000000,0.07400000,16.50200000,1582909761015,False,True
300,123929603,223.00000000,0.33200000,74.03600000,1582909761106,False,True
301,123929604,222.98000000,1.75333000,390.95752340,1582909761124,True,True
302,123929605,222.97000000,9.11451000,2032.26229470,1582909761124,True,True
303,123929606,222.97000000,0.88549000,197.43770530,1582909761169,True,True
304,123929607,222.96000000,0.60484000,134.85512640,1582909761169,True,True
305,123929608,223.00000000,4.00000000,892.00000000,1582909761215,False,True
306,123929609,223.00000000,4.00000000,892.00000000,1582909761322,False,True
307,123929610,223.00000000,4.00000000,892.00000000,1582909761348,False,True
308,123929611,223.00000000,2.59615000,578.94145000,1582909761359,False,True
309,123929612,223.00000000,8.89185000,1982.88255000,1582909761359,False,True
310,123929613,223.00000000,0.07500000,16.72500000,1582909761429,False,True
311,123929614,223.00000000,11.10611000,2476.66253000,1582909761445,False,True
312,123929615,223.00000000,3.10769000,693.01487000,1582909761447,False,True
313,123929616,223.00000000,3.79235000,845.69405000,1582909761449,False,True
314,123929617,223.00000000,26.58105000,5927.57415000,1582909761449,False,True
315,123929618,223.00000000,4.53685000,1011.71755000,1582909761456,False,True
316,123929619,223.00000000,10.66774000,2378.90602000,1582909761464,False,True
317,123929620,223.00000000,1.50000000,334.50000000,1582909761466,False,True
318,123929621,223.00000000,42.00000000,9366.00000000,1582909761466,False,True
319,123929622,223.00000000,12.00000000,2676.00000000,1582909761471,False,True
320,123929623,223.00000000,7.00000000,1561.00000000,1582909761472,False,True
321,123929624,223.00000000,36.07446000,8044.60458000,1582909761485,False,True
322,123929625,223.00000000,18.21749000,4062.50027000,1582909761496,False,True
323,123929626,223.00000000,2.20712000,492.18776000,1582909761506,False,True
324,123929627,222.99000000,0.10309000,22.98803910,1582909761515,True,True
325,123929628,223.00000000,33.80116000,7537.65868000,1582909761519,False,True
326,123929629,223.00000000,7.39210000,1648.43830000,1582909761530,False,True
327,123929630,223.00000000,3.23613000,721.65699000,1582909761534,False,True
328,123929631,223.00000000,32.00000000,7136.00000000,1582909761539,False,True
329,123929632,223.00000000,0.50000000,111.50000000,1582909761540,False,True
330,123929633,223.00000000,4.00000000,892.00000000,1582909761542,False,True
331,123929634,223.00000000,1.50000000,334.50000000,1582909761544,False,True
332,123929635,223.00000000,3.00000000,669.00000000,1582909761546,False,True
333,123929636,223.00000000,2.00000000,446.00000000,1582909761546,False,True
334,123929637,223.00000000,3.50000000,780.50000000,1582909761547,False,True
335,123929638,223.00000000,31.00000000,6913.00000000,1582909761547,False,True
336,123929639,223.00000000,0.11021000,24.57683000,1582909761553,False,True
337,123929640,223.00000000,0.45831000,102.20313000,1582909761564,False,True
338,123929641,223.00000000,4.00000000,892.00000000,1582909761567,False,True
339,123929642,223.00000000,1.59799000,356.35177000,1582909761579,False,True
340,123929643,223.00000000,5.59678000,1248.08194000,1582909761583,False,True
341,123929644,223.00000000,3.00000000,669.00000000,1582909761607,False,True
342,123929645,223.00000000,2.50000000,557.50000000,1582909761612,False,True
343,123929646,223.00000000,0.02261000,5.04203000,1582909761613,False,True
344,123929647,223.00000000,0.79933000,178.25059000,1582909761613,False,True
345,123929648,223.02000000,2.24321000,500.28069420,1582909761626,False,True
346,123929649,223.04000000,9.48469000,2115.46525760,1582909761626,False,True
347,123929650,223.04000000,2.00000000,446.08000000,1582909761685,False,True
348,123929651,223.10000000,0.60000000,133.86000000,1582909761739,False,True
349,123929652,223.10000000,0.30000000,66.93000000,1582909762340,True,True
350,123929653,223.07000000,0.31669000,70.64403830,1582909762586,True,True
351,123929654,223.11000000,0.60400000,134.75844000,1582909762750,False,True
352,123929655,223.11000000,0.00084000,0.18741240,1582909763071,False,True
353,123929656,223.16000000,1.00027000,223.22025320,1582909763071,False,True
354,123929657,223.10000000,0.19989000,44.59545900,1582909764510,True,True
355,123929658,223.10000000,9.80011000,2186.40454100,1582909764566,True,True
356,123929659,223.10000000,0.19989000,44.59545900,1582909764566,True,True
357,123929660,223.11000000,10.00000000,2231.10000000,1582909764588,True,True
358,123929661,223.08000000,3.26381000,728.09073480,1582909764689,True,True
359,123929662,223.12000000,1.75238000,390.99102560,1582909764713,False,True
360,123929663,223.12000000,0.55662000,124.19305440,1582909764713,False,True
361,123929664,223.06000000,4.50000000,1003.77000000,1582909764727,True,True
362,123929665,223.05000000,0.74490000,166.14994500,1582909764767,True,True
363,123929666,223.04000000,0.08000000,17.84320000,1582909764791,True,True
364,123929667,223.04000000,4.68843000,1045.70742720,1582909764796,True,True
365,123929668,223.11000000,4.03300000,899.80263000,1582909764806,False,True
366,123929669,223.02000000,4.63809000,1034.38683180,1582909764915,True,True
367,123929670,223.01000000,8.90000000,1984.78900000,1582909764923,True,True
368,123929671,223.10000000,10.78600000,2406.35660000,1582909764930,False,True
369,123929672,223.10000000,0.34200000,76.30020000,1582909764930,False,True
370,123929673,223.01000000,2.25000000,501.77250000,1582909764944,True,True
371,123929674,223.01000000,6.10025000,1360.41675250,1582909764947,True,True
372,123929675,223.00000000,0.68975000,153.81425000,1582909764947,True,True
373,123929676,223.00000000,8.21025000,1830.88575000,1582909764956,True,True
374,123929677,222.97000000,0.09200000,20.51324000,1582909764991,True,True
375,123929678,223.08000000,5.02700000,1121.42316000,1582909765027,False,True
376,123929679,223.08000000,0.30000000,66.92400000,1582909765055,False,True
377,123929680,223.08000000,0.08900000,19.85412000,1582909765125,False,True
378,123929681,223.08000000,1.00109000,223.32315720,1582909765171,False,True
379,123929682,223.06000000,0.08954000,19.97279240,1582909765244,False,True
380,123929683,223.01000000,1.00200000,223.45602000,1582909767335,False,True
381,123929684,223.00000000,0.19988000,44.57324000,1582909767722,True,True
382,123929685,223.00000000,4.80012000,1070.42676000,1582909767752,True,True
383,123929686,222.95000000,0.10000000,22.29500000,1582909769320,True,True
384,123929687,222.95000000,0.10000000,22.29500000,1582909769505,True,True
385,123929688,223.01000000,1.00198000,223.45155980,1582909769573,False,True
386,123929689,223.01000000,0.80870000,180.34818700,1582909769803,False,True
387,123929690,223.01000000,0.30547000,68.12286470,1582909769811,False,True
388,123929691,222.95000000,0.05002000,11.15195900,1582909770455,True,True
389,123929692,222.95000000,0.10000000,22.29500000,1582909770573,True,True
390,123929693,222.95000000,0.10000000,22.29500000,1582909771145,True,True
391,123929694,222.95000000,1.84998000,412.45304100,1582909771301,True,True
392,123929695,222.91000000,0.10000000,22.29100000,1582909771349,True,True
393,123929696,222.87000000,0.10000000,22.28700000,1582909771573,True,True
394,123929697,222.95000000,1.00142000,223.26658900,1582909771836,False,True
395,123929698,222.90000000,0.10000000,22.29000000,1582909772225,True,True
396,123929699,222.90000000,0.20000000,44.58000000,1582909772479,True,True
397,123929700,222.85000000,0.10000000,22.28500000,1582909773501,True,True
398,123929701,222.91000000,0.05590000,12.46066900,1582909773795,False,True
399,123929702,222.91000000,1.00075000,223.07718250,1582909774185,False,True
400,123929703,222.82000000,0.10000000,22.28200000,1582909774793,True,True
401,123929704,222.91000000,6.00000000,1337.46000000,1582909774879,False,True
402,123929705,222.81000000,0.10000000,22.28100000,1582909775526,True,True
403,123929706,222.79000000,0.10000000,22.27900000,1582909775755,True,True
404,123929707,222.85000000,1.90100000,423.63785000,1582909776070,False,True
405,123929708,222.85000000,4.00000000,891.40000000,1582909776181,False,True
406,123929709,222.85000000,1.00108000,223.09067800,1582909776584,False,True
407,123929710,222.85000000,3.30000000,735.40500000,1582909776657,False,True
408,123929711,222.85000000,1.50000000,334.27500000,1582909776685,False,True
409,123929712,222.85000000,0.52247000,116.43243950,1582909778194,False,True
410,123929713,222.85000000,1.00153000,223.19096050,1582909779075,False,True
411,123929714,222.86000000,2.84138000,633.22994680,1582909780406,False,True
412,123929715,222.86000000,3.35862000,748.50205320,1582909780423,False,True
413,123929716,222.87000000,2.00000000,445.74000000,1582909780430,False,True
414,123929717,222.87000000,2.00000000,445.74000000,1582909780433,False,True
415,123929718,222.87000000,1.04854000,233.68810980,1582909780434,False,True
416,123929719,222.87000000,6.17332000,1375.84782840,1582909780437,False,True
417,123929720,222.92000000,1.10000000,245.21200000,1582909780501,False,True
418,123929721,222.95000000,0.90000000,200.65500000,1582909780600,False,True
419,123929722,222.94000000,1.79284000,399.69574960,1582909780614,False,True
420,123929723,222.94000000,1.00000000,222.94000000,1582909780622,False,True
421,123929724,222.94000000,0.50000000,111.47000000,1582909780627,False,True
422,123929725,222.84000000,0.05414000,12.06455760,1582909780646,True,True
423,123929726,222.94000000,0.70000000,156.05800000,1582909780660,False,True
424,123929727,222.99000000,0.10000000,22.29900000,1582909780762,False,True
425,123929728,223.05000000,1.00611000,224.41283550,1582909781602,False,True
426,123929729,223.00000000,1.04000000,231.92000000,1582909783630,False,True
427,123929730,223.04000000,1.00006000,223.05338240,1582909784113,False,True
428,123929731,223.02000000,5.52853000,1232.97276060,1582909784966,False,True
429,123929732,222.94000000,7.03503000,1568.38958820,1582909785864,True,True
430,123929733,223.02000000,4.47147000,997.22723940,1582909786495,False,True
431,123929734,223.03000000,1.52853000,340.90804590,1582909786495,False,True
432,123929735,223.03000000,1.00036000,223.11029080,1582909786600,False,True
433,123929736,222.96000000,0.54771000,122.11742160,1582909787065,True,True
434,123929737,223.00000000,3.54400000,790.31200000,1582909787422,False,True
435,123929738,223.00000000,0.45600000,101.68800000,1582909787517,False,True
436,123929739,223.00000000,0.33300000,74.25900000,1582909787637,False,True
437,123929740,223.00000000,0.33300000,74.25900000,1582909787841,False,True
438,123929741,223.00000000,0.33300000,74.25900000,1582909787943,False,True
439,123929742,223.00000000,0.08900000,19.84700000,1582909788047,False,True
440,123929743,223.00000000,3.30000000,735.90000000,1582909788273,False,True
441,123929744,223.00000000,5.99890000,1337.75470000,1582909788333,False,True
442,123929745,222.98000000,2.03300000,453.31834000,1582909788489,True,True
443,123929746,223.00000000,1.00257000,223.57311000,1582909789089,False,True
444,123929747,222.97000000,0.07224000,16.10735280,1582909789839,True,True
445,123929748,222.97000000,4.02900000,898.34613000,1582909789931,True,True
446,123929749,222.97000000,0.05267000,11.74382990,1582909790853,True,True
447,123929750,222.97000000,7.79202000,1737.38669940,1582909791228,True,True
448,123929751,222.97000000,3.99707000,891.22669790,1582909791242,True,True
449,123929752,222.99000000,1.00004000,222.99891960,1582909791607,False,True
450,123929753,222.93000000,3.00293000,669.44318490,1582909793469,True,True
451,123929754,222.93000000,4.37707000,975.78021510,1582909793476,True,True
452,123929755,222.93000000,1.50000000,334.39500000,1582909793478,True,True
453,123929756,222.92000000,4.29302000,957.00001840,1582909793506,True,True
454,123929757,222.88000000,0.10000000,22.28800000,1582909793941,True,True
455,123929758,222.95000000,1.00272000,223.55642400,1582909794105,False,True
456,123929759,222.91000000,5.07837000,1132.01945670,1582909794873,False,True
457,123929760,222.92000000,0.92163000,205.44975960,1582909794873,False,True
458,123929761,222.90000000,1.00036000,222.98024400,1582909796604,False,True
459,123929762,222.90000000,6.00000000,1337.40000000,1582909796626,False,True
460,123929763,222.88000000,0.08963000,19.97673440,1582909796990,False,True
461,123929764,222.88000000,0.16757000,37.34800160,1582909798364,False,True
462,123929765,222.92000000,3.13243000,698.28129560,1582909798364,False,True
463,123929766,222.92000000,7.72297000,1721.60447240,1582909798648,False,True
464,123929767,222.92000000,3.49513000,779.13437960,1582909798648,False,True
465,123929768,222.92000000,6.50487000,1450.06562040,1582909798665,False,True
466,123929769,222.94000000,0.22593000,50.36883420,1582909798665,False,True
467,123929770,222.94000000,1.00079000,223.11612260,1582909799107,False,True
468,123929771,222.92000000,10.00000000,2229.20000000,1582909800236,True,True
469,123929772,222.91000000,3.90928000,871.41760480,1582909800236,True,True
470,123929773,222.90000000,4.00156000,891.94772400,1582909800236,True,True
471,123929774,222.90000000,2.08916000,465.67376400,1582909800236,True,True
472,123929775,222.90000000,7.91084000,1763.32623600,1582909800241,True,True
473,123929776,222.89000000,11.02100000,2456.47069000,1582909800241,True,True
474,123929777,222.89000000,10.00000000,2228.90000000,1582909800241,True,True
475,123929778,222.88000000,4.86398000,1084.08386240,1582909800241,True,True
476,123929779,222.88000000,4.98718000,1111.54267840,1582909800241,True,True
477,123929780,222.88000000,2.00000000,445.76000000,1582909800243,True,True
478,123929781,222.92000000,10.00000000,2229.20000000,1582909800260,True,True
479,123929782,222.92000000,0.06985000,15.57096200,1582909800576,False,True
480,123929783,222.81000000,0.05193000,11.57052330,1582909801045,True,True
481,123929784,222.87000000,1.00559000,224.11584330,1582909801618,False,True
482,123929785,222.81000000,4.29515000,957.00237150,1582909803242,True,True
483,123929786,222.85000000,1.00157000,223.19987450,1582909804117,False,True
484,123929787,222.85000000,1.11646000,248.80311100,1582909804358,False,True
485,123929788,222.82000000,0.08925000,19.88668500,1582909804815,True,True
486,123929789,222.83000000,1.00000000,222.83000000,1582909805272,False,True
487,123929790,222.83000000,1.00120000,223.09739600,1582909806620,False,True
488,123929791,222.81000000,0.10810000,24.08576100,1582909807729,True,True
489,123929792,222.81000000,11.48782000,2559.60117420,1582909807768,True,True
490,123929793,222.73000000,0.10000000,22.27300000,1582909807788,True,True
491,123929794,222.81000000,1.43036000,318.69851160,1582909807909,False,True
492,123929795,222.81000000,0.00064000,0.14259840,1582909807909,False,True
493,123929796,222.80000000,1.13709000,253.34365200,1582909808260,False,True
494,123929797,222.76000000,6.00000000,1336.56000000,1582909808869,False,True
495,123929798,222.76000000,3.54900000,790.57524000,1582909808959,False,True
496,123929799,222.76000000,0.45100000,100.46476000,1582909809062,False,True
497,123929800,222.75000000,1.00089000,222.94824750,1582909809123,False,True
498,123929801,222.75000000,3.09800000,690.07950000,1582909809160,False,True
499,123929802,222.75000000,0.82587000,183.96254250,1582909809266,False,True
