,id,price,qty,quoteQty,time,isBuyerMaker,isBestMatch
0,122123925,271.65000000,3.75664000,1020.49125600,1582440978361,False,True
1,122123926,271.65000000,1.71182000,465.01590300,1582440978361,False,True
2,122123927,271.66000000,1.71166000,464.98955560,1582440978361,False,True
3,122123928,271.67000000,1.71179000,465.04198930,1582440978361,False,True
4,122123929,271.68000000,1.71175000,465.04824000,1582440978361,False,True
5,122123930,271.69000000,1.71179000,465.07622510,1582440978361,False,True
6,122123931,271.70000000,1.71185000,465.10964500,1582440978361,False,True
7,122123932,271.72000000,7.99999000,2173.75728280,1582440978361,False,True
8,122123933,271.76000000,6.00000000,1630.56000000,1582440978361,False,True
9,122123934,271.76000000,10.78600000,2931.20336000,1582440978361,False,True
10,122123935,271.77000000,7.14000000,1940.43780000,1582440978361,False,True
11,122123936,271.78000000,10.00000000,2717.80000000,1582440978361,False,True
12,122123937,271.79000000,3.43303000,933.06322370,1582440978361,False,True
13,122123938,271.79000000,10.93714000,2972.60528060,1582440978361,False,True
14,122123939,271.79000000,7.29128000,1981.69699120,1582440978361,False,True
15,122123940,271.79000000,10.93700000,2972.56723000,1582440978361,False,True
16,122123941,271.79000000,31.38751000,8530.81134290,1582440978361,False,True
17,122123942,271.75000000,0.04130000,11.22327500,1582440978850,False,True
18,122123943,271.67000000,0.22813000,61.97607710,1582440978941,True,True
19,122123944,271.70000000,1.71100000,464.87870000,1582440979365,True,True
20,122123945,271.70000000,0.00019000,0.05162300,1582440979409,True,True
21,122123946,271.69000000,1.82481000,495.78262890,1582440979409,True,True
22,122123947,271.70000000,1.71122000,464.93847400,1582440979492,True,True
23,122123948,271.69000000,0.28878000,78.45863820,1582440979492,True,True
24,122123949,271.70000000,1.71125000,464.94662500,1582440979714,True,True
25,122123950,271.70000000,0.07826000,21.26324200,1582440979898,True,True
26,122123951,271.69000000,0.28875000,78.45048750,1582440979989,True,True
27,122123952,271.70000000,1.71122000,464.93847400,1582440980096,True,True
28,122123953,271.69000000,2.00000000,543.38000000,1582440980212,True,True
29,122123954,271.65000000,1.97400000,536.23710000,1582440980410,True,True
30,122123955,271.65000000,0.65276000,177.32225400,1582440980428,True,True
31,122123956,271.69000000,3.21400000,873.21166000,1582440981157,True,True
32,122123957,271.64000000,1.60600000,436.25384000,1582440981419,True,True
33,122123958,271.64000000,1.60800000,436.79712000,1582440982459,True,True
34,122123959,271.65000000,0.41765000,113.45462250,1582440983072,True,True
35,122123960,271.66000000,0.45870000,124.61044200,1582440983191,True,True
36,122123961,271.66000000,0.38559000,104.74937940,1582440983294,True,True
37,122123962,271.66000000,0.04826000,13.11031160,1582440983304,True,True
38,122123963,271.66000000,1.75500000,476.76330000,1582440983459,True,True
39,122123964,271.66000000,0.04826000,13.11031160,1582440984025,True,True
40,122123965,271.66000000,0.30000000,81.49800000,1582440984205,True,True
41,122123966,271.66000000,0.07200000,19.55952000,1582440984576,True,True
42,122123967,271.66000000,0.00076000,0.20646160,1582440984662,True,True
43,122123968,271.64000000,1.60724000,436.59067360,1582440984662,True,True
44,122123969,271.64000000,1.60800000,436.79712000,1582440985535,True,True
45,122123970,271.64000000,0.72700000,197.48228000,1582440985928,True,True
46,122123971,271.70000000,0.13598000,36.94576600,1582440986425,False,True
47,122123972,271.68000000,0.04143000,11.25570240,1582440987052,False,True
48,122123973,271.62000000,0.78557000,213.37652340,1582440988710,True,True
49,122123974,271.62000000,1.21443000,329.86347660,1582440988710,True,True
50,122123975,271.57000000,0.30000000,81.47100000,1582440990210,True,True
51,122123976,271.63000000,0.92724000,251.86620120,1582440990510,False,True
52,122123977,271.63000000,0.18745000,50.91704350,1582440991107,False,True
53,122123978,271.59000000,3.53982000,961.37971380,1582440992115,False,True
54,122123979,271.59000000,5.08010000,1379.70435900,1582440992214,False,True
55,122123980,271.59000000,0.30904000,83.93217360,1582440992760,False,True
56,122123981,271.61000000,9.95877000,2704.90151970,1582440994930,False,True
57,122123982,271.56000000,0.30000000,81.46800000,1582440996237,True,True
58,122123983,271.58000000,0.04085000,11.09404300,1582440997241,False,True
59,122123984,271.58000000,4.50000000,1222.11000000,1582440998560,False,True
60,122123985,271.58000000,2.95915000,803.64595700,1582440998570,False,True
61,122123986,271.58000000,2.50000000,678.95000000,1582440998573,False,True
62,122123987,271.67000000,4.50000000,1222.51500000,1582440999307,False,True
63,122123988,271.67000000,1.50000000,407.50500000,1582440999318,False,True
64,122123989,271.67000000,0.59100000,160.55697000,1582440999331,False,True
65,122123990,271.67000000,0.73900000,200.76413000,1582440999335,False,True
66,122123991,271.68000000,0.76100000,206.74848000,1582440999335,False,True
67,122123992,271.68000000,0.07700000,20.91936000,1582440999339,False,True
68,122123993,271.68000000,1.25298000,340.40960640,1582440999348,False,True
69,122123994,271.69000000,0.05000000,13.58450000,1582440999348,False,True
70,122123995,271.70000000,0.19702000,53.53033400,1582440999348,False,True
71,122123996,271.69000000,0.82290000,223.57370100,1582440999367,False,True
72,122123997,271.69000000,3.50000000,950.91500000,1582440999555,False,True
73,122123998,271.69000000,5.67710000,1542.41129900,1582440999565,False,True
74,122123999,271.70000000,1.00000000,271.70000000,1582440999651,False,True
75,122124000,271.70000000,0.31586000,85.81916200,1582440999658,False,True
76,122124001,271.70000000,0.43332000,117.73304400,1582440999658,False,True
77,122124002,271.70000000,0.37668000,102.34395600,1582440999727,False,True
78,122124003,271.72000000,0.84000000,228.24480000,1582441000045,True,True
79,122124004,271.67000000,1.82700000,496.34109000,1582441001931,True,True
80,122124005,271.62000000,0.30000000,81.48600000,1582441002247,True,True
81,122124006,271.62000000,3.00000000,814.86000000,1582441002624,True,True
82,122124007,271.62000000,0.35998000,97.77776760,1582441002632,True,True
83,122124008,271.61000000,1.11188000,301.99772680,1582441002647,True,True
84,122124009,271.61000000,4.88812000,1327.66227320,1582441002647,True,True
85,122124010,271.61000000,1.11188000,301.99772680,1582441002648,True,True
86,122124011,271.58000000,0.13380000,36.33740400,1582441002721,True,True
87,122124012,271.57000000,0.37323000,101.35807110,1582441003580,True,True
88,122124013,271.57000000,0.37321000,101.35263970,1582441003765,True,True
89,122124014,271.60000000,0.09193000,24.96818800,1582441003855,False,True
90,122124015,271.57000000,1.36380000,370.36716600,1582441003885,True,True
91,122124016,271.59000000,3.22769000,876.60832710,1582441004992,False,True
92,122124017,271.59000000,4.04910000,1099.69506900,1582441005329,False,True
93,122124018,271.59000000,0.07361000,19.99173990,1582441005876,False,True
94,122124019,271.57000000,3.96600000,1077.04662000,1582441006834,True,True
95,122124020,271.57000000,4.00000000,1086.28000000,1582441006932,True,True
96,122124021,271.57000000,3.22100000,874.72697000,1582441007342,True,True
97,122124022,271.58000000,0.04224000,11.47153920,1582441007450,False,True
98,122124023,271.57000000,0.00094000,0.25527580,1582441008254,True,True
99,122124024,271.55000000,0.29906000,81.20974300,1582441008254,True,True
100,122124025,271.54000000,0.30000000,81.46200000,1582441014259,True,True
101,122124026,271.58000000,0.96200000,261.25996000,1582441017301,False,True
102,122124027,271.57000000,0.04266000,11.58517620,1582441017643,False,True
103,122124028,271.57000000,0.19304000,52.42387280,1582441017756,False,True
104,122124029,271.57000000,0.00184000,0.49968880,1582441018502,False,True
105,122124030,271.58000000,0.29816000,80.97429280,1582441018502,False,True
106,122124031,271.58000000,0.52400000,142.30792000,1582441018556,False,True
107,122124032,271.58000000,0.62332000,169.28124560,1582441018563,False,True
108,122124033,271.58000000,3.58736000,974.25522880,1582441018670,False,True
109,122124034,271.60000000,0.30000000,81.48000000,1582441020273,True,True
110,122124035,271.60000000,0.20000000,54.32000000,1582441020336,True,True
111,122124036,271.60000000,1.58000000,429.12800000,1582441021103,True,True
112,122124037,271.60000000,1.00000000,271.60000000,1582441021126,True,True
113,122124038,271.60000000,1.00000000,271.60000000,1582441021273,True,True
114,122124039,271.61000000,1.93100000,524.47891000,1582441021500,False,True
115,122124040,271.60000000,0.85000000,230.86000000,1582441021606,True,True
116,122124041,271.61000000,0.00030000,0.08148300,1582441022343,False,True
117,122124042,271.61000000,0.15770000,42.83289700,1582441022343,False,True
118,122124043,271.61000000,9.84200000,2673.18562000,1582441022440,False,True
119,122124044,271.60000000,0.37000000,100.49200000,1582441022833,True,True
120,122124045,271.60000000,2.63283000,715.07662800,1582441023114,True,True
121,122124046,271.60000000,2.63104000,714.59046400,1582441023114,True,True
122,122124047,271.59000000,0.72813000,197.75282670,1582441023114,True,True
123,122124048,271.58000000,1.04426000,283.60013080,1582441023127,True,True
124,122124049,271.54000000,0.78416000,212.93080640,1582441023150,True,True
125,122124050,271.54000000,0.78416000,212.93080640,1582441023150,True,True
126,122124051,271.54000000,0.78416000,212.93080640,1582441023150,True,True
127,122124052,271.54000000,0.78416000,212.93080640,1582441023150,True,True
128,122124053,271.54000000,0.78416000,212.93080640,1582441023150,True,True
129,122124054,271.54000000,0.78416000,212.93080640,1582441023150,True,True
130,122124055,271.54000000,0.78416000,212.93080640,1582441023150,True,True
131,122124056,271.54000000,0.78416000,212.93080640,1582441023150,True,True
132,122124057,271.54000000,0.78416000,212.93080640,1582441023150,True,True
133,122124058,271.54000000,0.78416000,212.93080640,1582441023150,True,True
134,122124059,271.53000000,7.36539000,1999.92434670,1582441023150,True,True
135,122124060,271.50000000,0.36805000,99.92557500,1582441023202,True,True
136,122124061,271.50000000,0.26393000,71.65699500,1582441023202,True,True
137,122124062,271.49000000,7.00000000,1900.43000000,1582441023202,True,True
138,122124063,271.60000000,0.72391000,196.61395600,1582441023228,False,True
139,122124064,271.48000000,0.48850000,132.61798000,1582441023567,True,True
140,122124065,271.54000000,1.11017000,301.45556180,1582441023682,True,True
141,122124066,271.47000000,1.11188000,301.84206360,1582441023768,True,True
142,122124067,271.47000000,1.86390000,505.99293300,1582441023768,True,True
143,122124068,271.47000000,1.78546000,484.69882620,1582441023787,True,True
144,122124069,271.49000000,2.56089000,695.25602610,1582441023946,False,True
145,122124070,271.49000000,1.09065000,296.10056850,1582441023946,False,True
146,122124071,271.44000000,1.79000000,485.87760000,1582441024310,True,True
147,122124072,271.44000000,0.23609000,64.08426960,1582441024310,True,True
148,122124073,271.44000000,0.75145000,203.97358800,1582441024328,True,True
149,122124074,271.44000000,0.06000000,16.28640000,1582441024328,True,True
150,122124075,271.42000000,1.50000000,407.13000000,1582441024357,True,True
151,122124076,271.36000000,2.40000000,651.26400000,1582441024402,True,True
152,122124077,271.36000000,1.00916000,273.84565760,1582441024520,True,True
153,122124078,271.45000000,0.06606000,17.93198700,1582441024636,False,True
154,122124079,271.33000000,0.40500000,109.88865000,1582441024801,True,True
155,122124080,271.42000000,0.04831000,13.11230020,1582441025544,False,True
156,122124081,271.38000000,0.39152000,106.25069760,1582441025831,False,True
157,122124082,271.39000000,0.15599000,42.33412610,1582441025831,False,True
158,122124083,271.40000000,0.61609000,167.20682600,1582441026262,False,True
159,122124084,271.33000000,0.30000000,81.39900000,1582441026301,True,True
160,122124085,271.39000000,0.33818000,91.77867020,1582441026462,False,True
161,122124086,271.39000000,3.33168000,904.18463520,1582441026475,False,True
162,122124087,271.40000000,9.34394000,2535.94531600,1582441026475,False,True
163,122124088,271.38000000,0.04272000,11.59335360,1582441027852,False,True
164,122124089,271.36000000,1.56424000,424.47216640,1582441029336,False,True
165,122124090,271.33000000,0.40688000,110.39875040,1582441030214,True,True
166,122124091,271.29000000,0.47919000,129.99945510,1582441030307,True,True
167,122124092,271.28000000,0.32081000,87.02933680,1582441030307,True,True
168,122124093,271.28000000,0.23106000,62.68195680,1582441030950,True,True
169,122124094,271.28000000,0.23326000,63.27877280,1582441030979,True,True
170,122124095,271.28000000,0.78513000,212.99006640,1582441030979,True,True
171,122124096,271.28000000,0.78513000,212.99006640,1582441030979,True,True
172,122124097,271.28000000,0.78513000,212.99006640,1582441030979,True,True
173,122124098,271.28000000,0.78513000,212.99006640,1582441030979,True,True
174,122124099,271.28000000,0.78513000,212.99006640,1582441030979,True,True
175,122124100,271.28000000,0.78513000,212.99006640,1582441030979,True,True
176,122124101,271.28000000,0.78513000,212.99006640,1582441030979,True,True
177,122124102,271.28000000,0.78513000,212.99006640,1582441030979,True,True
178,122124103,271.28000000,0.78513000,212.99006640,1582441030979,True,True
179,122124104,271.26000000,0.35436000,96.12369360,1582441030979,True,True
180,122124105,271.22000000,2.38700000,647.40214000,1582441030979,True,True
181,122124106,271.21000000,3.27526000,888.28326460,1582441030979,True,True
182,122124107,271.28000000,0.08149000,22.10660720,1582441031660,False,True
183,122124108,271.28000000,0.93402000,253.38094560,1582441031793,False,True
184,122124109,271.21000000,0.30000000,81.36300000,1582441032305,True,True
185,122124110,271.21000000,3.31892000,900.12429320,1582441033181,True,True
186,122124111,271.20000000,0.04663000,12.64605600,1582441033181,True,True
187,122124112,271.20000000,0.32105000,87.06876000,1582441033181,True,True
188,122124113,271.20000000,0.46426000,125.90731200,1582441033181,True,True
189,122124114,271.20000000,0.78531000,212.97607200,1582441033181,True,True
190,122124115,271.20000000,0.78531000,212.97607200,1582441033181,True,True
191,122124116,271.20000000,0.16217000,43.98050400,1582441033181,True,True
192,122124117,271.23000000,6.00000000,1627.38000000,1582441036474,False,True
193,122124118,271.24000000,2.56800000,696.54432000,1582441036490,False,True
194,122124119,271.26000000,0.81868000,222.07513680,1582441036600,False,True
195,122124120,271.30000000,1.20991000,328.24858300,1582441036682,False,True
196,122124121,271.30000000,0.91760000,248.94488000,1582441036686,False,True
197,122124122,271.31000000,1.50000000,406.96500000,1582441036718,False,True
198,122124123,271.31000000,0.62751000,170.24973810,1582441036720,False,True
199,122124124,271.32000000,3.00000000,813.96000000,1582441036720,False,True
200,122124125,271.32000000,3.16290000,858.15802800,1582441036726,False,True
201,122124126,271.31000000,3.61901000,981.87360310,1582441036733,False,True
202,122124127,271.32000000,1.83710000,498.44197200,1582441036733,False,True
203,122124128,271.33000000,0.40783000,110.65651390,1582441036733,False,True
204,122124129,271.33000000,1.50000000,406.99500000,1582441036743,False,True
205,122124130,271.33000000,1.39100000,377.42003000,1582441036757,False,True
206,122124131,271.33000000,4.04117000,1096.49065610,1582441036793,False,True
207,122124132,271.35000000,7.12712000,1933.94401200,1582441036872,False,True
208,122124133,271.36000000,0.65988000,179.06503680,1582441036872,False,True
209,122124134,271.34000000,0.22872000,62.06088480,1582441037068,True,True
210,122124135,271.45000000,0.04275000,11.60448750,1582441038043,False,True
211,122124136,271.36000000,0.30000000,81.40800000,1582441038311,True,True
212,122124137,271.36000000,0.78496000,213.00674560,1582441040711,True,True
213,122124138,271.36000000,0.78496000,213.00674560,1582441040711,True,True
214,122124139,271.36000000,0.78496000,213.00674560,1582441040711,True,True
215,122124140,271.36000000,0.78496000,213.00674560,1582441040711,True,True
216,122124141,271.36000000,0.78496000,213.00674560,1582441040711,True,True
217,122124142,271.36000000,0.78496000,213.00674560,1582441040711,True,True
218,122124143,271.36000000,0.78496000,213.00674560,1582441040711,True,True
219,122124144,271.36000000,0.30960000,84.01305600,1582441040711,True,True
220,122124145,271.35000000,0.20426000,55.42595100,1582441040766,True,True
221,122124146,271.33000000,1.11188000,301.68640040,1582441041073,True,True
222,122124147,271.32000000,0.75868000,205.84505760,1582441041217,False,True
223,122124148,271.33000000,1.66120000,450.73339600,1582441041604,False,True
224,122124149,271.31000000,0.05000000,13.56550000,1582441042205,True,True
225,122124150,271.41000000,1.32913000,360.73917330,1582441042371,False,True
226,122124151,271.34000000,0.16065000,43.59077100,1582441043116,True,True
227,122124152,271.38000000,0.30000000,81.41400000,1582441044325,True,True
228,122124153,271.45000000,0.16065000,43.60844250,1582441049118,False,True
229,122124154,271.45000000,2.01830000,547.86753500,1582441049118,False,True
230,122124155,271.46000000,0.45372000,123.16683120,1582441049118,False,True
231,122124156,271.46000000,5.27598000,1432.21753080,1582441050336,False,True
232,122124157,271.43000000,0.12000000,32.57160000,1582441053144,True,True
233,122124158,271.40000000,1.84650000,501.14010000,1582441053614,True,True
234,122124159,271.44000000,0.37336000,101.34483840,1582441054913,True,True
235,122124160,271.46000000,0.63500000,172.37710000,1582441055207,False,True
236,122124161,271.44000000,0.23769000,64.51857360,1582441055434,True,True
237,122124162,271.43000000,1.10859000,300.90458370,1582441055665,True,True
238,122124163,271.38000000,3.46548000,940.46196240,1582441056012,True,True
239,122124164,271.38000000,1.50000000,407.07000000,1582441056031,True,True
240,122124165,271.38000000,1.43185000,388.57545300,1582441056039,True,True
241,122124166,271.37000000,5.93707000,1611.14268590,1582441056039,True,True
242,122124167,271.37000000,1.43185000,388.56113450,1582441056052,True,True
243,122124168,271.43000000,3.60528000,978.58115040,1582441056082,False,True
244,122124169,271.44000000,9.36289000,2541.46286160,1582441056082,False,True
245,122124170,271.38000000,0.73599000,199.73296620,1582441056086,True,True
246,122124171,271.35000000,0.78486000,212.97176100,1582441056168,True,True
247,122124172,271.35000000,0.00004000,0.01085400,1582441056168,True,True
248,122124173,271.35000000,0.78482000,212.96090700,1582441056186,True,True
249,122124174,271.35000000,0.71518000,194.06409300,1582441056186,True,True
250,122124175,271.35000000,0.06968000,18.90766800,1582441056205,True,True
251,122124176,271.35000000,0.78486000,212.97176100,1582441056212,True,True
252,122124177,271.35000000,0.71514000,194.05323900,1582441056212,True,True
253,122124178,271.35000000,0.06972000,18.91852200,1582441056227,True,True
254,122124179,271.35000000,0.78486000,212.97176100,1582441056227,True,True
255,122124180,271.35000000,0.64542000,175.13471700,1582441056227,True,True
256,122124181,271.35000000,0.13944000,37.83704400,1582441056228,True,True
257,122124182,271.35000000,0.78486000,212.97176100,1582441056228,True,True
258,122124183,271.35000000,0.57570000,156.21619500,1582441056228,True,True
259,122124184,271.35000000,0.07700000,20.89395000,1582441056231,True,True
260,122124185,271.35000000,0.13216000,35.86161600,1582441056235,True,True
261,122124186,271.35000000,0.65270000,177.11014500,1582441056235,True,True
262,122124187,271.35000000,0.13216000,35.86161600,1582441056246,True,True
263,122124188,271.33000000,0.60534000,164.24690220,1582441056246,True,True
264,122124189,271.33000000,5.39466000,1463.73309780,1582441056275,True,True
265,122124190,271.33000000,0.73754000,200.11672820,1582441056275,True,True
266,122124191,271.32000000,7.36892000,1999.33537440,1582441056290,True,True
267,122124192,271.33000000,2.16139000,586.44994870,1582441056308,True,True
268,122124193,271.30000000,0.54397000,147.57906100,1582441056333,True,True
269,122124194,271.29000000,0.92483000,250.89713070,1582441056333,True,True
270,122124195,271.32000000,0.54318000,147.37559760,1582441056352,True,True
271,122124196,271.31000000,2.23352000,605.97631120,1582441056475,False,True
272,122124197,271.31000000,2.18800000,593.62628000,1582441056586,False,True
273,122124198,271.31000000,1.28700000,349.17597000,1582441056703,False,True
274,122124199,271.31000000,0.00022000,0.05968820,1582441056934,False,True
275,122124200,271.33000000,7.07000000,1918.30310000,1582441056934,False,True
276,122124201,271.33000000,35.00000000,9496.55000000,1582441056934,False,True
277,122124202,271.36000000,7.14488000,1938.83463680,1582441056934,False,True
278,122124203,271.38000000,59.50000000,16147.11000000,1582441056934,False,True
279,122124204,271.39000000,11.50736000,3122.98243040,1582441056934,False,True
280,122124205,271.25000000,1.42000000,385.17500000,1582441057567,True,True
281,122124206,271.35000000,0.04144000,11.24474400,1582441058445,False,True
282,122124207,271.33000000,1.55739000,422.56662870,1582441058762,False,True
283,122124208,271.33000000,2.00000000,542.66000000,1582441058769,False,True
284,122124209,271.33000000,0.08665000,23.51074450,1582441058769,False,True
285,122124210,271.33000000,1.41335000,383.48425550,1582441058769,False,True
286,122124211,271.33000000,0.50000000,135.66500000,1582441058880,False,True
287,122124212,271.33000000,0.50000000,135.66500000,1582441058884,False,True
288,122124213,271.33000000,1.00000000,271.33000000,1582441059040,False,True
289,122124214,271.33000000,0.76519000,207.61900270,1582441059047,False,True
290,122124215,271.33000000,0.50000000,135.66500000,1582441059050,False,True
291,122124216,271.34000000,1.44747000,392.75650980,1582441059077,False,True
292,122124217,271.34000000,0.73481000,199.38334540,1582441059086,False,True
293,122124218,271.34000000,0.55253000,149.92349020,1582441059109,False,True
294,122124219,271.34000000,0.26702000,72.45320680,1582441059122,False,True
295,122124220,271.35000000,0.50000000,135.67500000,1582441059149,False,True
296,122124221,271.35000000,0.50000000,135.67500000,1582441059168,False,True
297,122124222,271.29000000,0.45540000,123.54546600,1582441059408,True,True
298,122124223,271.25000000,0.07718000,20.93507500,1582441061008,True,True
299,122124224,271.20000000,0.40000000,108.48000000,1582441064076,True,True
300,122124225,271.29000000,0.04000000,10.85160000,1582441064178,False,True
301,122124226,271.20000000,0.16065000,43.56828000,1582441066080,True,True
302,122124227,271.21000000,3.67411000,996.45537310,1582441067072,False,True
303,122124228,271.21000000,3.53972000,960.00746120,1582441067087,False,True
304,122124229,271.29000000,0.04166000,11.30194140,1582441068637,False,True
305,122124230,271.21000000,0.57900000,157.03059000,1582441068650,True,True
306,122124231,271.21000000,4.00000000,1084.84000000,1582441071905,False,True
307,122124232,271.28000000,0.57900000,157.07112000,1582441072199,False,True
308,122124233,271.29000000,0.05406000,14.66593740,1582441072268,False,True
309,122124234,271.30000000,5.06020000,1372.83226000,1582441072437,False,True
310,122124235,271.30000000,0.50000000,135.65000000,1582441072460,False,True
311,122124236,271.30000000,0.63559000,172.43556700,1582441072480,False,True
312,122124237,271.30000000,0.48692000,132.10139600,1582441072480,False,True
313,122124238,271.31000000,0.12223000,33.16222130,1582441072517,False,True
314,122124239,271.33000000,2.50000000,678.32500000,1582441072596,False,True
315,122124240,271.33000000,0.78543000,213.11072190,1582441072650,False,True
316,122124241,271.33000000,0.21457000,58.21927810,1582441072650,False,True
317,122124242,271.33000000,1.67743000,455.13708190,1582441072690,False,True
318,122124243,271.33000000,2.50000000,678.32500000,1582441072690,False,True
319,122124244,271.35000000,1.50000000,407.02500000,1582441072834,False,True
320,122124245,271.35000000,3.00000000,814.05000000,1582441072840,False,True
321,122124246,271.35000000,1.50000000,407.02500000,1582441072842,False,True
322,122124247,271.35000000,0.33000000,89.54550000,1582441072843,False,True
323,122124248,271.35000000,2.67000000,724.50450000,1582441072843,False,True
324,122124249,271.35000000,9.07783000,2463.26917050,1582441072845,False,True
325,122124250,271.35000000,1.50000000,407.02500000,1582441072846,False,True
326,122124251,271.35000000,1.50000000,407.02500000,1582441072853,False,True
327,122124252,271.35000000,6.50000000,1763.77500000,1582441072855,False,True
328,122124253,271.35000000,2.00000000,542.70000000,1582441072855,False,True
329,122124254,271.35000000,4.37040000,1185.90804000,1582441072856,False,True
330,122124255,271.28000000,0.16065000,43.58113200,1582441072947,True,True
331,122124256,271.33000000,0.19920000,54.04893600,1582441073417,True,True
332,122124257,271.33000000,1.51426000,410.86416580,1582441073424,True,True
333,122124258,271.32000000,0.19192000,52.07173440,1582441073424,True,True
334,122124259,271.35000000,1.28400000,348.41340000,1582441075480,True,True
335,122124260,271.34000000,10.05175000,2727.44184500,1582441075480,True,True
336,122124261,271.40000000,1.47466000,400.22272400,1582441076142,False,True
337,122124262,271.40000000,3.95737000,1074.03021800,1582441076142,False,True
338,122124263,271.35000000,1.28400000,348.41340000,1582441077236,True,True
339,122124264,271.35000000,0.21600000,58.61160000,1582441077236,True,True
340,122124265,271.35000000,1.50000000,407.02500000,1582441077237,True,True
341,122124266,271.35000000,6.00000000,1628.10000000,1582441077256,True,True
342,122124267,271.35000000,2.23500000,606.46725000,1582441077269,True,True
343,122124268,271.34000000,0.76500000,207.57510000,1582441077269,True,True
344,122124269,271.32000000,0.48477000,131.52779640,1582441077605,True,True
345,122124270,271.32000000,3.01318000,817.53599760,1582441078632,True,True
346,122124271,271.31000000,1.15032000,312.09331920,1582441078632,True,True
347,122124272,271.31000000,0.83650000,226.95081500,1582441078632,True,True
348,122124273,271.35000000,0.04341000,11.77930350,1582441078829,False,True
349,122124274,271.31000000,0.38047000,103.22531570,1582441080398,True,True
350,122124275,271.31000000,1.05404000,285.97159240,1582441081097,True,True
351,122124276,271.31000000,1.00000000,271.31000000,1582441081223,True,True
352,122124277,271.31000000,1.70000000,461.22700000,1582441081240,True,True
353,122124278,271.23000000,1.34000000,363.44820000,1582441081747,True,True
354,122124279,271.23000000,0.49000000,132.90270000,1582441082590,True,True
355,122124280,271.23000000,1.72395000,467.58695850,1582441082662,True,True
356,122124281,271.22000000,1.67354000,453.89751880,1582441082662,True,True
357,122124282,271.23000000,1.68028000,455.74234440,1582441082774,True,True
358,122124283,271.22000000,0.72598000,196.90029560,1582441082774,True,True
359,122124284,271.23000000,1.71195000,464.33219850,1582441082833,True,True
360,122124285,271.23000000,0.50702000,137.51903460,1582441082908,True,True
361,122124286,271.23000000,0.07386000,20.03304780,1582441083041,True,True
362,122124287,271.26000000,0.64445000,174.81350700,1582441084102,True,True
363,122124288,271.25000000,0.94551000,256.46958750,1582441084102,True,True
364,122124289,271.27000000,2.00000000,542.54000000,1582441086103,True,True
365,122124290,271.25000000,0.09932000,26.94055000,1582441087350,True,True
366,122124291,271.25000000,0.90068000,244.30945000,1582441087391,False,True
367,122124292,271.25000000,1.00000000,271.25000000,1582441087391,False,True
368,122124293,271.29000000,0.04053000,10.99538370,1582441089037,False,True
369,122124294,271.27000000,10.28820000,2790.88001400,1582441097629,True,True
370,122124295,271.31000000,0.10600000,28.75886000,1582441097887,False,True
371,122124296,271.33000000,0.89443000,242.68569190,1582441097887,True,True
372,122124297,271.33000000,0.47400000,128.61042000,1582441097970,True,True
373,122124298,271.33000000,2.00000000,542.66000000,1582441098078,True,True
374,122124299,271.33000000,1.98600000,538.86138000,1582441098129,True,True
375,122124300,271.33000000,0.08000000,21.70640000,1582441098204,True,True
376,122124301,271.33000000,0.40000000,108.53200000,1582441098227,True,True
377,122124302,271.33000000,5.00000000,1356.65000000,1582441098423,True,True
378,122124303,271.33000000,0.29398000,79.76559340,1582441099009,True,True
379,122124304,271.33000000,1.00107000,271.62032310,1582441099114,True,True
380,122124305,271.33000000,0.70000000,189.93100000,1582441099136,True,True
381,122124306,271.33000000,1.98600000,538.86138000,1582441099151,True,True
382,122124307,271.34000000,0.04397000,11.93081980,1582441099222,False,True
383,122124308,271.33000000,6.60108000,1791.07103640,1582441099458,True,True
384,122124309,271.28000000,0.62547000,169.67750160,1582441099561,False,True
385,122124310,271.27000000,3.68550000,999.76558500,1582441099590,True,True
386,122124311,271.27000000,1.49000000,404.19230000,1582441099827,True,True
387,122124312,271.27000000,0.79000000,214.30330000,1582441100339,True,True
388,122124313,271.28000000,0.07408000,20.09642240,1582441100412,False,True
389,122124314,271.27000000,0.29403000,79.76151810,1582441100463,True,True
390,122124315,271.27000000,0.29400000,79.75338000,1582441100700,True,True
391,122124316,271.28000000,0.46000000,124.78880000,1582441101460,False,True
392,122124317,271.27000000,2.00000000,542.54000000,1582441101836,True,True
393,122124318,271.27000000,0.47093000,127.74918110,1582441105325,True,True
394,122124319,271.27000000,1.37600000,373.26752000,1582441105423,True,True
395,122124320,271.27000000,1.59800000,433.48946000,1582441105459,True,True
396,122124321,271.27000000,0.17500000,47.47225000,1582441109238,True,True
397,122124322,271.28000000,0.04403000,11.94445840,1582441109432,False,True
398,122124323,271.28000000,2.50000000,678.20000000,1582441111842,False,True
399,122124324,271.28000000,2.00000000,542.56000000,1582441111842,False,True
400,122124325,271.28000000,0.50000000,135.64000000,1582441111850,False,True
401,122124326,271.28000000,0.50000000,135.64000000,1582441111891,False,True
402,122124327,271.27000000,3.55200000,963.55104000,1582441111961,True,True
403,122124328,271.29000000,0.07447000,20.20296630,1582441114026,False,True
404,122124329,271.29000000,3.92553000,1064.95703370,1582441115008,False,True
405,122124330,271.29000000,0.04000000,10.85160000,1582441115008,False,True
406,122124331,271.30000000,1.71374000,464.93766200,1582441115056,True,True
407,122124332,271.28000000,1.71396000,464.96306880,1582441115056,True,True
408,122124333,271.28000000,1.57230000,426.53354400,1582441115056,True,True
409,122124334,271.30000000,0.10000000,27.13000000,1582441115989,True,True
410,122124335,271.30000000,0.10000000,27.13000000,1582441116000,True,True
411,122124336,271.27000000,0.56200000,152.45374000,1582441117143,True,True
412,122124337,271.27000000,0.53700000,145.67199000,1582441118954,True,True
413,122124338,271.33000000,0.04307000,11.68618310,1582441119615,False,True
414,122124339,271.29000000,0.61000000,165.48690000,1582441121606,True,True
415,122124340,271.34000000,0.31803000,86.29426020,1582441121752,False,True
416,122124341,271.27000000,1.61699000,438.64087730,1582441122743,True,True
417,122124342,271.29000000,0.46000000,124.79340000,1582441123301,False,True
418,122124343,271.30000000,1.00000000,271.30000000,1582441124311,True,True
419,122124344,271.27000000,0.23000000,62.39210000,1582441125107,True,True
420,122124345,271.27000000,0.13000000,35.26510000,1582441125283,True,True
421,122124346,271.27000000,2.00000000,542.54000000,1582441126113,True,True
422,122124347,271.27000000,0.07500000,20.34525000,1582441126548,True,True
423,122124348,271.27000000,0.06091000,16.52305570,1582441127183,True,True
424,122124349,271.27000000,2.02200000,548.50794000,1582441127183,True,True
425,122124350,271.27000000,0.29655000,80.44511850,1582441127183,True,True
426,122124351,271.27000000,1.04632000,283.83522640,1582441127183,True,True
427,122124352,271.23000000,1.57422000,426.97569060,1582441127183,True,True
428,122124353,271.28000000,0.03969000,10.76710320,1582441128291,False,True
429,122124354,271.30000000,0.04238000,11.49769400,1582441129810,False,True
430,122124355,271.33000000,0.10000000,27.13300000,1582441133946,False,True
431,122124356,271.26000000,0.14700000,39.87522000,1582441135700,True,True
432,122124357,271.28000000,0.50041000,135.75122480,1582441136962,False,True
433,122124358,271.24000000,1.04898000,284.52533520,1582441137365,True,True
434,122124359,271.24000000,1.31302000,356.14354480,1582441137398,False,True
435,122124360,271.25000000,1.71415000,464.96318750,1582441137420,False,True
436,122124361,271.26000000,0.33218000,90.10714680,1582441137432,False,True
437,122124362,271.35000000,1.50000000,407.02500000,1582441137684,False,True
438,122124363,271.35000000,3.00000000,814.05000000,1582441137703,False,True
439,122124364,271.35000000,0.50000000,135.67500000,1582441137711,False,True
440,122124365,271.35000000,1.00000000,271.35000000,1582441137711,False,True
441,122124366,271.35000000,1.50000000,407.02500000,1582441137773,False,True
442,122124367,271.35000000,0.96497000,261.84460950,1582441137784,False,True
443,122124368,271.36000000,0.53503000,145.18574080,1582441137784,False,True
444,122124369,271.36000000,1.50000000,407.04000000,1582441137784,False,True
445,122124370,271.36000000,1.50000000,407.04000000,1582441137792,False,True
446,122124371,271.34000000,0.68074000,184.71199160,1582441138473,True,True
447,122124372,271.32000000,1.23997000,336.42866040,1582441139756,True,True
448,122124373,271.39000000,0.04247000,11.52593330,1582441140030,False,True
449,122124374,271.31000000,0.42136000,114.31918160,1582441140946,True,True
450,122124375,271.28000000,0.84785000,230.00474800,1582441146463,True,True
451,122124376,271.27000000,0.76319000,207.03055130,1582441146463,True,True
452,122124377,271.25000000,0.10000000,27.12500000,1582441147175,True,True
453,122124378,271.25000000,0.10000000,27.12500000,1582441147567,True,True
454,122124379,271.22000000,0.10000000,27.12200000,1582441147899,True,True
455,122124380,271.22000000,1.50000000,406.83000000,1582441148308,True,True
456,122124381,271.22000000,1.50000000,406.83000000,1582441148312,True,True
457,122124382,271.22000000,4.24000000,1149.97280000,1582441148330,True,True
458,122124383,271.22000000,0.26000000,70.51720000,1582441148330,True,True
459,122124384,271.19000000,0.10000000,27.11900000,1582441148555,True,True
460,122124385,271.19000000,0.10000000,27.11900000,1582441149002,True,True
461,122124386,271.21000000,1.56646000,424.83961660,1582441149159,False,True
462,122124387,271.21000000,1.71444000,464.97327240,1582441149159,False,True
463,122124388,271.25000000,0.04199000,11.38978750,1582441150215,False,True
464,122124389,271.26000000,0.31228000,84.70907280,1582441150945,False,True
465,122124390,271.26000000,0.17615000,47.78244900,1582441151048,False,True
466,122124391,271.23000000,0.04686000,12.70983780,1582441154588,True,True
467,122124392,271.23000000,1.63800000,444.27474000,1582441158159,False,True
468,122124393,271.24000000,0.07621000,20.67120040,1582441158159,False,True
469,122124394,271.23000000,1.95941000,531.45077430,1582441158268,False,True
470,122124395,271.21000000,0.10000000,27.12100000,1582441158368,True,True
471,122124396,271.23000000,0.49289000,133.68655470,1582441158377,False,True
472,122124397,271.24000000,1.71428000,464.98130720,1582441158785,False,True
473,122124398,271.21000000,0.14850000,40.27468500,1582441159128,True,True
474,122124399,271.25000000,0.04262000,11.56067500,1582441160417,False,True
475,122124400,271.21000000,0.07770000,21.07301700,1582441161217,True,True
476,122124401,271.21000000,0.10000000,27.12100000,1582441161283,True,True
477,122124402,271.23000000,0.53896000,146.18212080,1582441161422,False,True
478,122124403,271.21000000,1.50000000,406.81500000,1582441163384,True,True
479,122124404,271.21000000,3.00000000,813.63000000,1582441163389,True,True
480,122124405,271.21000000,2.39380000,649.22249800,1582441163481,True,True
481,122124406,271.21000000,1.13313000,307.31618730,1582441163481,True,True
482,122124407,271.19000000,0.05000000,13.55950000,1582441163882,True,True
483,122124408,271.19000000,0.22057000,59.81637830,1582441163953,True,True
484,122124409,271.19000000,0.64131000,173.91685890,1582441164937,True,True
485,122124410,271.19000000,0.59810000,162.19873900,1582441164937,True,True
486,122124411,271.19000000,0.49900000,135.32381000,1582441165253,True,True
487,122124412,271.19000000,0.54700000,148.34093000,1582441167211,True,True
488,122124413,271.19000000,0.16700000,45.28873000,1582441167324,True,True
489,122124414,271.19000000,1.98900000,539.39691000,1582441168599,True,True
490,122124415,271.19000000,2.19990000,596.59088100,1582441169093,True,True
491,122124416,271.15000000,2.04408000,554.25229200,1582441169093,True,True
492,122124417,271.15000000,0.75602000,204.99482300,1582441169093,True,True
493,122124418,271.17000000,1.71469000,464.97248730,1582441169305,False,True
494,122124419,271.18000000,1.56531000,424.48076580,1582441169305,False,True
495,122124420,271.18000000,0.00036000,0.09762480,1582441169483,False,True
496,122124421,271.21000000,0.25628000,69.50569880,1582441169483,False,True
497,122124422,271.21000000,0.13036000,35.35493560,1582441169483,False,True
498,122124423,271.18000000,16.44100000,4458.47038000,1582441170315,False,True
499,122124424,271.18000000,0.04113000,11.15363340,1582441170620,False,True
