,id,price,qty,quoteQty,time,isBuyerMaker,isBestMatch
0,127425660,195.07000000,0.24734000,48.24861380,1583971373269,False,True
1,127425661,195.08000000,21.91505000,4275.18795400,1583971373269,False,True
2,127425662,195.03000000,0.42300000,82.49769000,1583971373306,True,True
3,127425663,195.08000000,1.47000000,286.76760000,1583971374127,False,True
4,127425664,195.08000000,5.24095000,1022.40452600,1583971374135,False,True
5,127425665,195.08000000,1.53000000,298.47240000,1583971374138,False,True
6,127425666,195.09000000,0.50000000,97.54500000,1583971374151,False,True
7,127425667,195.11000000,0.28047000,54.72250170,1583971374265,True,True
8,127425668,195.11000000,0.30347000,59.21003170,1583971374292,True,True
9,127425669,195.11000000,0.06741000,13.15236510,1583971374326,True,True
10,127425670,195.12000000,1.79781000,350.78868720,1583971374378,True,True
11,127425671,195.11000000,1.14656000,223.70532160,1583971374378,True,True
12,127425672,195.11000000,8.20219000,1600.32929090,1583971374378,True,True
13,127425673,195.10000000,0.28047000,54.71969700,1583971374479,True,True
14,127425674,195.09000000,1.51734000,296.01786060,1583971374479,True,True
15,127425675,195.10000000,1.79791000,350.77224100,1583971374900,True,True
16,127425676,195.10000000,1.79791000,350.77224100,1583971375200,True,True
17,127425677,195.09000000,0.12393000,24.17750370,1583971375264,True,True
18,127425678,195.09000000,0.87544000,170.78958960,1583971375295,True,True
19,127425679,195.09000000,0.05957000,11.62151130,1583971375304,True,True
20,127425680,195.09000000,0.06855000,13.37341950,1583971375391,True,True
21,127425681,195.09000000,3.36516000,656.50906440,1583971375624,True,True
22,127425682,195.09000000,0.20610000,40.20804900,1583971375669,True,True
23,127425683,195.08000000,3.36516000,656.47541280,1583971375669,True,True
24,127425684,195.07000000,8.03888000,1568.14432160,1583971375669,True,True
25,127425685,195.07000000,1.96112000,382.55567840,1583971375674,True,True
26,127425686,195.05000000,6.84485000,1335.08799250,1583971375691,True,True
27,127425687,195.08000000,5.04357000,983.89963560,1583971375710,True,True
28,127425688,195.05000000,1.64338000,320.54126900,1583971375710,True,True
29,127425689,195.04000000,10.00000000,1950.40000000,1583971375710,True,True
30,127425690,195.04000000,0.81973000,159.88013920,1583971375710,True,True
31,127425691,195.07000000,10.00000000,1950.70000000,1583971375720,True,True
32,127425692,195.06000000,3.20430000,625.03075800,1583971375804,True,True
33,127425693,195.09000000,1.55700000,303.75513000,1583971375829,False,True
34,127425694,195.06000000,0.38070000,74.25934200,1583971375829,True,True
35,127425695,195.05000000,2.27399000,443.54174950,1583971375829,True,True
36,127425696,195.05000000,2.66358000,519.53127900,1583971375835,True,True
37,127425697,195.06000000,0.61297000,119.56592820,1583971375884,True,True
38,127425698,195.07000000,1.79800000,350.73586000,1583971375921,False,True
39,127425699,195.08000000,2.20200000,429.56616000,1583971376139,False,True
40,127425700,195.05000000,0.64000000,124.83200000,1583971376445,False,True
41,127425701,195.05000000,0.00052000,0.10142600,1583971377018,False,True
42,127425702,195.11000000,0.29946000,58.42764060,1583971377018,False,True
43,127425703,195.06000000,1.79800000,350.71788000,1583971378730,False,True
44,127425704,195.07000000,1.56200000,304.69934000,1583971378860,False,True
45,127425705,195.07000000,10.00000000,1950.70000000,1583971379357,False,True
46,127425706,195.07000000,3.64595000,711.21546650,1583971379358,False,True
47,127425707,195.07000000,1.43129000,279.20174030,1583971379358,False,True
48,127425708,195.08000000,3.06570000,598.05675600,1583971379370,False,True
49,127425709,195.09000000,3.60324000,702.95609160,1583971379397,False,True
50,127425710,195.13000000,9.30069000,1814.84363970,1583971379455,False,True
51,127425711,195.13000000,6.00000000,1170.78000000,1583971379480,False,True
52,127425712,195.14000000,0.50000000,97.57000000,1583971379514,False,True
53,127425713,195.15000000,3.84402000,750.16050300,1583971379514,False,True
54,127425714,195.15000000,2.96746000,579.09981900,1583971379518,False,True
55,127425715,195.15000000,7.65165000,1493.21949750,1583971379521,False,True
56,127425716,195.16000000,0.11000000,21.46760000,1583971379658,False,True
57,127425717,195.16000000,3.35000000,653.78600000,1583971379661,False,True
58,127425718,195.16000000,1.60000000,312.25600000,1583971379662,False,True
59,127425719,195.18000000,0.87310000,170.41165800,1583971379696,False,True
60,127425720,195.18000000,0.49500000,96.61410000,1583971379696,False,True
61,127425721,195.20000000,0.29995000,58.55024000,1583971380104,False,True
62,127425722,195.18000000,0.23999000,46.84124820,1583971380665,True,True
63,127425723,195.19000000,1.79717000,350.78961230,1583971380888,False,True
64,127425724,195.20000000,0.09391000,18.33123200,1583971380888,False,True
65,127425725,195.20000000,10.00000000,1952.00000000,1583971380888,False,True
66,127425726,195.18000000,0.87313000,170.41751340,1583971381175,True,True
67,127425727,195.18000000,0.06388000,12.46809840,1583971381786,True,True
68,127425728,195.20000000,1.79712000,350.79782400,1583971381851,False,True
69,127425729,195.13000000,10.00000000,1951.30000000,1583971382160,True,True
70,127425730,195.11000000,5.09000000,993.10990000,1583971382282,True,True
71,127425731,195.13000000,0.29989000,58.51753570,1583971383114,False,True
72,127425732,195.10000000,0.30000000,58.53000000,1583971383671,True,True
73,127425733,195.10000000,1.79814000,350.81711400,1583971383979,False,True
74,127425734,195.11000000,3.60919000,704.18906090,1583971383979,False,True
75,127425735,195.09000000,2.11100000,411.83499000,1583971384633,False,True
76,127425736,195.09000000,0.09300000,18.14337000,1583971384964,False,True
77,127425737,195.08000000,0.06055000,11.81209400,1583971385499,True,True
78,127425738,195.09000000,0.40000000,78.03600000,1583971385713,False,True
79,127425739,195.08000000,0.41663000,81.27618040,1583971385853,True,True
80,127425740,195.09000000,0.29998000,58.52309820,1583971386113,False,True
81,127425741,195.08000000,0.30000000,58.52400000,1583971387677,True,True
82,127425742,195.16000000,0.29989000,58.52653240,1583971389115,False,True
83,127425743,195.11000000,0.11100000,21.65721000,1583971392487,True,True
84,127425744,195.11000000,1.68681000,329.11349910,1583971392487,True,True
85,127425745,195.12000000,10.00000000,1951.20000000,1583971394030,False,True
86,127425746,195.16000000,3.39195000,661.97296200,1583971394279,False,True
87,127425747,195.17000000,1.05932000,206.74748440,1583971394534,True,True
88,127425748,195.17000000,0.27568000,53.80446560,1583971394534,True,True
89,127425749,195.17000000,3.10816000,606.61958720,1583971394879,True,True
90,127425750,195.17000000,1.89184000,369.23041280,1583971394879,True,True
91,127425751,195.17000000,1.46737000,286.38660290,1583971395028,True,True
92,127425752,195.16000000,3.38045000,659.72862200,1583971395565,False,True
93,127425753,195.16000000,1.71201000,334.11587160,1583971395565,False,True
94,127425754,195.16000000,1.64397000,320.83718520,1583971395584,False,True
95,127425755,195.16000000,3.37839000,659.32659240,1583971395584,False,True
96,127425756,195.16000000,10.00000000,1951.60000000,1583971395606,False,True
97,127425757,195.17000000,3.08867000,602.81572390,1583971395624,False,True
98,127425758,195.17000000,0.29730000,58.02404100,1583971395666,False,True
99,127425759,195.16000000,0.05992000,11.69398720,1583971395713,True,True
100,127425760,195.16000000,1.93809000,378.23764440,1583971396033,True,True
101,127425761,195.16000000,1.79740000,350.78058400,1583971396033,True,True
102,127425762,195.15000000,0.23451000,45.76462650,1583971396033,True,True
103,127425763,195.15000000,6.92200000,1350.82830000,1583971396048,True,True
104,127425764,195.18000000,0.82300000,160.63314000,1583971396566,True,True
105,127425765,195.17000000,1.00000000,195.17000000,1583971397271,True,True
106,127425766,195.20000000,0.11200000,21.86240000,1583971398461,True,True
107,127425767,195.20000000,1.68508000,328.92761600,1583971399423,True,True
108,127425768,195.20000000,9.03362000,1763.36262400,1583971399423,True,True
109,127425769,195.21000000,6.00000000,1171.26000000,1583971400203,False,True
110,127425770,195.21000000,1.79703000,350.79822630,1583971400203,False,True
111,127425771,195.21000000,0.10059000,19.63617390,1583971400601,True,True
112,127425772,195.20000000,0.09729000,18.99100800,1583971401110,True,True
113,127425773,195.17000000,7.71050000,1504.85828500,1583971401668,True,True
114,127425774,195.18000000,1.79745000,350.82629100,1583971401919,False,True
115,127425775,195.19000000,0.87155000,170.11784450,1583971401919,False,True
116,127425776,195.19000000,0.40757000,79.55358830,1583971403080,False,True
117,127425777,195.20000000,0.66968000,130.72153600,1583971404320,True,True
118,127425778,195.23000000,0.05921000,11.55956830,1583971405933,True,True
119,127425779,195.24000000,1.03722000,202.50683280,1583971405994,False,True
120,127425780,195.24000000,4.96278000,968.93316720,1583971406072,False,True
121,127425781,195.24000000,0.11082000,21.63649680,1583971406192,True,True
122,127425782,195.25000000,0.09100000,17.76775000,1583971406720,False,True
123,127425783,195.25000000,1.00000000,195.25000000,1583971406733,True,True
124,127425784,195.26000000,6.00000000,1171.56000000,1583971406765,False,True
125,127425785,195.26000000,4.44327000,867.59290020,1583971406765,False,True
126,127425786,195.27000000,12.19917000,2382.13192590,1583971408469,False,True
127,127425787,195.27000000,1.39100000,271.62057000,1583971408838,True,True
128,127425788,195.27000000,1.79643000,350.78888610,1583971408838,True,True
129,127425789,195.26000000,1.58157000,308.81735820,1583971408838,True,True
130,127425790,195.26000000,4.52300000,883.16098000,1583971408843,True,True
131,127425791,195.26000000,3.89543000,760.62166180,1583971408869,True,True
132,127425792,195.25000000,17.76562000,3468.73730500,1583971409034,True,True
133,127425793,195.26000000,1.28000000,249.93280000,1583971410026,True,True
134,127425794,195.26000000,0.50000000,97.63000000,1583971410339,True,True
135,127425795,195.26000000,1.50000000,292.89000000,1583971410354,True,True
136,127425796,195.26000000,0.22900000,44.71454000,1583971410356,True,True
137,127425797,195.26000000,7.44200000,1453.12492000,1583971410357,True,True
138,127425798,195.26000000,2.53100000,494.20306000,1583971410369,True,True
139,127425799,195.25000000,3.60938000,704.73144500,1583971410477,True,True
140,127425800,195.25000000,4.94158000,964.84349500,1583971410483,True,True
141,127425801,195.25000000,4.31316000,842.14449000,1583971410525,True,True
142,127425802,195.25000000,6.11015000,1193.00678750,1583971410525,True,True
143,127425803,195.25000000,1.50000000,292.87500000,1583971410535,True,True
144,127425804,195.25000000,1.87457000,366.00979250,1583971410536,True,True
145,127425805,195.25000000,1.00000000,195.25000000,1583971410537,True,True
146,127425806,195.25000000,34.00000000,6638.50000000,1583971410540,True,True
147,127425807,195.25000000,365.51884000,71367.55351000,1583971410550,True,True
148,127425808,195.25000000,3.89834000,761.15088500,1583971410563,True,True
149,127425809,195.25000000,48.50000000,9469.62500000,1583971410564,True,True
150,127425810,195.25000000,3.00000000,585.75000000,1583971410565,True,True
151,127425811,195.25000000,5.24500000,1024.08625000,1583971410578,True,True
152,127425812,195.25000000,7.85731000,1534.13977750,1583971410583,True,True
153,127425813,195.25000000,15.00000000,2928.75000000,1583971410584,True,True
154,127425814,195.25000000,2.50000000,488.12500000,1583971410585,True,True
155,127425815,195.25000000,4.00000000,781.00000000,1583971410594,True,True
156,127425816,195.25000000,3.23792000,632.20388000,1583971410602,True,True
157,127425817,195.25000000,1.50000000,292.87500000,1583971410621,True,True
158,127425818,195.25000000,7.95869000,1553.93422250,1583971410635,True,True
159,127425819,195.25000000,4.21178000,822.35004500,1583971410638,True,True
160,127425820,195.25000000,7.00000000,1366.75000000,1583971410647,True,True
161,127425821,195.25000000,7.95869000,1553.93422250,1583971410667,True,True
162,127425822,195.25000000,4.81526000,940.17951500,1583971410671,True,True
163,127425823,195.25000000,4.09542000,799.63075500,1583971410673,True,True
164,127425824,195.25000000,1.67500000,327.04375000,1583971410673,True,True
165,127425825,195.25000000,1.67500000,327.04375000,1583971410680,True,True
166,127425826,195.25000000,20.48600000,3999.89150000,1583971410681,True,True
167,127425827,195.25000000,26.11000000,5097.97750000,1583971410685,True,True
168,127425828,195.25000000,1.67500000,327.04375000,1583971410689,True,True
169,127425829,195.25000000,3.00000000,585.75000000,1583971410689,True,True
170,127425830,195.25000000,2.04740000,399.75485000,1583971410689,True,True
171,127425831,195.25000000,3.00000000,585.75000000,1583971410691,True,True
172,127425832,195.25000000,1.67500000,327.04375000,1583971410692,True,True
173,127425833,195.25000000,16.36200000,3194.68050000,1583971410694,True,True
174,127425834,195.25000000,0.50000000,97.62500000,1583971410694,True,True
175,127425835,195.25000000,27.50000000,5369.37500000,1583971410696,True,True
176,127425836,195.25000000,93.65160000,18285.47490000,1583971410696,True,True
177,127425837,195.25000000,5.12100000,999.87525000,1583971410701,True,True
178,127425838,195.25000000,6.88800000,1344.88200000,1583971410707,True,True
179,127425839,195.25000000,2.00000000,390.50000000,1583971410707,True,True
180,127425840,195.25000000,23.63800000,4615.31950000,1583971410707,True,True
181,127425841,195.25000000,1.67500000,327.04375000,1583971410708,True,True
182,127425842,195.25000000,3.30250000,644.81312500,1583971410709,True,True
183,127425843,195.25000000,6.18641000,1207.89655250,1583971410712,True,True
184,127425844,195.25000000,1.50000000,292.87500000,1583971410712,True,True
185,127425845,195.25000000,1.46700000,286.43175000,1583971410726,True,True
186,127425846,195.25000000,1.00000000,195.25000000,1583971410728,True,True
187,127425847,195.25000000,4.50000000,878.62500000,1583971410728,True,True
188,127425848,195.25000000,1.00000000,195.25000000,1583971410729,True,True
189,127425849,195.25000000,1.46700000,286.43175000,1583971410730,True,True
190,127425850,195.25000000,2.00000000,390.50000000,1583971410741,True,True
191,127425851,195.25000000,8.18300000,1597.73075000,1583971410750,True,True
192,127425852,195.25000000,3.46505000,676.55101250,1583971410758,True,True
193,127425853,195.25000000,3.46700000,676.93175000,1583971410762,True,True
194,127425854,195.25000000,31.81700000,6212.26925000,1583971410764,True,True
195,127425855,195.25000000,18.56700000,3625.20675000,1583971410768,True,True
196,127425856,195.25000000,0.50000000,97.62500000,1583971410774,True,True
197,127425857,195.25000000,7.00000000,1366.75000000,1583971410776,True,True
198,127425858,195.25000000,8.00000000,1562.00000000,1583971410777,True,True
199,127425859,195.25000000,5.59121000,1091.68375250,1583971410779,True,True
200,127425860,195.25000000,0.50000000,97.62500000,1583971410779,True,True
201,127425861,195.25000000,3.50000000,683.37500000,1583971410783,True,True
202,127425862,195.25000000,17.43300000,3403.79325000,1583971410783,True,True
203,127425863,195.25000000,3.00000000,585.75000000,1583971410786,True,True
204,127425864,195.25000000,0.50000000,97.62500000,1583971410786,True,True
205,127425865,195.25000000,3.00000000,585.75000000,1583971410786,True,True
206,127425866,195.25000000,2.00000000,390.50000000,1583971410787,True,True
207,127425867,195.25000000,1.00000000,195.25000000,1583971410788,True,True
208,127425868,195.25000000,0.50000000,97.62500000,1583971410790,True,True
209,127425869,195.25000000,2.00000000,390.50000000,1583971410792,True,True
210,127425870,195.25000000,1.00000000,195.25000000,1583971410792,True,True
211,127425871,195.25000000,3.00000000,585.75000000,1583971410795,True,True
212,127425872,195.25000000,18.00000000,3514.50000000,1583971410798,True,True
213,127425873,195.25000000,0.50000000,97.62500000,1583971410798,True,True
214,127425874,195.25000000,1.48945000,290.81511250,1583971410810,True,True
215,127425875,195.25000000,9.32330000,1820.37432500,1583971410813,True,True
216,127425876,195.25000000,3.60000000,702.90000000,1583971410852,True,True
217,127425877,195.25000000,14.47000000,2825.26750000,1583971410854,True,True
218,127425878,195.25000000,2.00000000,390.50000000,1583971410858,True,True
219,127425879,195.25000000,4.09563000,799.67175750,1583971410863,True,True
220,127425880,195.25000000,11.25600000,2197.73400000,1583971410865,True,True
221,127425881,195.25000000,24.95800000,4873.04950000,1583971410869,True,True
222,127425882,195.25000000,40.00000000,7810.00000000,1583971410875,True,True
223,127425883,195.25000000,10.28000000,2007.17000000,1583971410875,True,True
224,127425884,195.25000000,36.00000000,7029.00000000,1583971410876,True,True
225,127425885,195.25000000,2.04782000,399.83685500,1583971410880,True,True
226,127425886,195.25000000,21.19140000,4137.62085000,1583971410881,True,True
227,127425887,195.25000000,4.00000000,781.00000000,1583971410890,True,True
228,127425888,195.25000000,5.88259000,1148.57569750,1583971410894,True,True
229,127425889,195.25000000,1.00000000,195.25000000,1583971410895,True,True
230,127425890,195.25000000,3.00000000,585.75000000,1583971410895,True,True
231,127425891,195.25000000,1.50000000,292.87500000,1583971410895,True,True
232,127425892,195.25000000,7.44000000,1452.66000000,1583971410897,True,True
233,127425893,195.25000000,18.14240000,3542.30360000,1583971410903,True,True
234,127425894,195.25000000,38.74400000,7564.76600000,1583971410914,True,True
235,127425895,195.25000000,17.40876000,3399.06039000,1583971410916,True,True
236,127425896,195.25000000,7.18902000,1403.65615500,1583971410928,True,True
237,127425897,195.25000000,2.00000000,390.50000000,1583971410943,True,True
238,127425898,195.25000000,7.00000000,1366.75000000,1583971410963,True,True
239,127425899,195.25000000,5.00000000,976.25000000,1583971410965,True,True
240,127425900,195.25000000,13.55200000,2646.02800000,1583971410985,True,True
241,127425901,195.25000000,1.50000000,292.87500000,1583971410986,True,True
242,127425902,195.25000000,1.46700000,286.43175000,1583971410993,True,True
243,127425903,195.25000000,5.34452000,1043.51753000,1583971411068,True,True
244,127425904,195.25000000,2.00000000,390.50000000,1583971411215,True,True
245,127425905,195.15000000,2.00000000,390.30000000,1583971411280,True,True
246,127425906,195.15000000,0.10241000,19.98531150,1583971411283,True,True
247,127425907,195.15000000,2.00000000,390.30000000,1583971411295,True,True
248,127425908,195.16000000,0.42576000,83.09132160,1583971411337,True,True
249,127425909,195.15000000,1.98168000,386.72485200,1583971411337,True,True
250,127425910,195.15000000,1.52665000,297.92574750,1583971411337,True,True
251,127425911,195.15000000,5.71555000,1115.38958250,1583971411401,True,True
252,127425912,195.13000000,5.20800000,1016.23704000,1583971411401,True,True
253,127425913,195.12000000,5.12000000,999.01440000,1583971411401,True,True
254,127425914,195.11000000,0.50000000,97.55500000,1583971411401,True,True
255,127425915,195.10000000,0.50000000,97.55000000,1583971411401,True,True
256,127425916,195.07000000,3.44248000,671.52457360,1583971411401,True,True
257,127425917,195.07000000,5.12150000,999.05100500,1583971411435,True,True
258,127425918,195.14000000,0.17600000,34.34464000,1583971411496,False,True
259,127425919,195.14000000,1.62191000,316.49951740,1583971411519,False,True
260,127425920,195.15000000,1.49999000,292.72304850,1583971411534,False,True
261,127425921,195.08000000,0.30000000,58.52400000,1583971411746,True,True
262,127425922,195.08000000,3.07000000,598.89560000,1583971411870,True,True
263,127425923,195.14000000,15.36696000,2998.70857440,1583971412128,False,True
264,127425924,195.14000000,0.94304000,184.02482560,1583971412128,False,True
265,127425925,195.09000000,1.63943000,319.83639870,1583971412548,True,True
266,127425926,195.08000000,0.50000000,97.54000000,1583971412597,True,True
267,127425927,195.03000000,0.37090000,72.33662700,1583971412597,True,True
268,127425928,195.04000000,0.87090000,169.86033600,1583971412633,True,True
269,127425929,195.04000000,0.89000000,173.58560000,1583971412733,True,True
270,127425930,195.07000000,1.00000000,195.07000000,1583971412789,False,True
271,127425931,195.07000000,0.29837000,58.20303590,1583971412789,False,True
272,127425932,195.07000000,0.50000000,97.53500000,1583971412789,False,True
273,127425933,195.08000000,0.50000000,97.54000000,1583971412866,False,True
274,127425934,195.08000000,2.07973000,405.71372840,1583971412909,False,True
275,127425935,195.08000000,3.50000000,682.78000000,1583971412925,False,True
276,127425936,195.08000000,1.00000000,195.08000000,1583971412930,False,True
277,127425937,195.08000000,8.00000000,1560.64000000,1583971413154,False,True
278,127425938,195.08000000,2.50000000,487.70000000,1583971413158,False,True
279,127425939,195.08000000,0.25817000,50.36380360,1583971413523,True,True
280,127425940,195.12000000,10.00000000,1951.20000000,1583971413662,False,True
281,127425941,195.13000000,1.00000000,195.13000000,1583971413723,False,True
282,127425942,195.14000000,1.39100000,271.43974000,1583971414015,False,True
283,127425943,195.15000000,0.60900000,118.84635000,1583971414033,False,True
284,127425944,195.15000000,2.50000000,487.87500000,1583971414041,False,True
285,127425945,195.13000000,1.79700000,350.64861000,1583971414191,True,True
286,127425946,195.14000000,0.06518000,12.71922520,1583971414690,False,True
287,127425947,195.13000000,6.89100000,1344.64083000,1583971414706,False,True
288,127425948,195.13000000,6.59100000,1286.10183000,1583971414717,False,True
289,127425949,195.15000000,6.89100000,1344.77865000,1583971414733,False,True
290,127425950,195.16000000,0.43818000,85.51520880,1583971414827,False,True
291,127425951,195.16000000,1.00000000,195.16000000,1583971414827,False,True
292,127425952,195.16000000,8.56182000,1670.92479120,1583971414830,False,True
293,127425953,195.18000000,1.00000000,195.18000000,1583971414983,False,True
294,127425954,195.18000000,0.56182000,109.65602760,1583971414986,False,True
295,127425955,195.18000000,1.50000000,292.77000000,1583971414993,False,True
296,127425956,195.18000000,0.50000000,97.59000000,1583971414995,False,True
297,127425957,195.18000000,1.00000000,195.18000000,1583971415005,False,True
298,127425958,195.18000000,0.50000000,97.59000000,1583971415011,False,True
299,127425959,195.18000000,0.93818000,183.11397240,1583971415015,False,True
300,127425960,195.18000000,3.06182000,597.60602760,1583971415015,False,True
301,127425961,195.18000000,3.00000000,585.54000000,1583971415015,False,True
302,127425962,195.15000000,0.87329000,170.42254350,1583971415394,True,True
303,127425963,195.15000000,0.30000000,58.54500000,1583971415755,True,True
304,127425964,195.19000000,1.71876000,335.48476440,1583971416065,False,True
305,127425965,195.14000000,0.05993000,11.69474020,1583971416125,True,True
306,127425966,195.14000000,0.20000000,39.02800000,1583971416599,True,True
307,127425967,195.12000000,0.07622000,14.87204640,1583971417138,True,True
308,127425968,195.16000000,0.81063000,158.20255080,1583971417313,False,True
309,127425969,195.17000000,0.10250000,20.00492500,1583971419570,False,True
310,127425970,195.15000000,0.87337000,170.43815550,1583971419595,True,True
311,127425971,195.13000000,0.24232000,47.28390160,1583971419760,True,True
312,127425972,195.12000000,0.05768000,11.25452160,1583971419760,True,True
313,127425973,195.17000000,1.79731000,350.78099270,1583971421608,True,True
314,127425974,195.15000000,1.79749000,350.78017350,1583971421608,True,True
315,127425975,195.15000000,0.24541000,47.89176150,1583971421608,True,True
316,127425976,195.14000000,0.30000000,58.54200000,1583971423778,True,True
317,127425977,195.15000000,0.05708000,11.13916200,1583971426346,True,True
318,127425978,195.17000000,1.20659000,235.49017030,1583971426543,False,True
319,127425979,195.15000000,0.30000000,58.54500000,1583971427783,True,True
320,127425980,195.17000000,1.33800000,261.13746000,1583971427849,False,True
321,127425981,195.15000000,0.30000000,58.54500000,1583971428486,True,True
322,127425982,195.18000000,0.24734000,48.27582120,1583971431170,False,True
323,127425983,195.18000000,10.00000000,1951.80000000,1583971431170,False,True
324,127425984,195.19000000,6.00000000,1171.14000000,1583971431170,False,True
325,127425985,195.19000000,5.57342000,1087.87584980,1583971431170,False,True
326,127425986,195.20000000,5.01000000,977.95200000,1583971431170,False,True
327,127425987,195.20000000,1.41361000,275.93667200,1583971431170,False,True
328,127425988,195.21000000,3.92800000,766.78488000,1583971431170,False,True
329,127425989,195.21000000,20.00000000,3904.20000000,1583971431170,False,True
330,127425990,195.23000000,0.50000000,97.61500000,1583971431170,False,True
331,127425991,195.23000000,23.15804000,4521.14414920,1583971431170,False,True
332,127425992,195.24000000,8.15202000,1591.60038480,1583971431170,False,True
333,127425993,195.24000000,5.34337000,1043.23955880,1583971431170,False,True
334,127425994,195.25000000,7.99999000,1561.99804750,1583971431170,False,True
335,127425995,195.26000000,4.98854000,974.06232040,1583971431170,False,True
336,127425996,195.26000000,8.65077000,1689.14935020,1583971431170,False,True
337,127425997,195.26000000,12.22743000,2387.52798180,1583971431170,False,True
338,127425998,195.26000000,23.15455000,4521.15743300,1583971431170,False,True
339,127425999,195.27000000,6.86000000,1339.55220000,1583971431170,False,True
340,127426000,195.27000000,82.00126000,16012.38604020,1583971431170,False,True
341,127426001,195.17000000,1.79740000,350.79855800,1583971431192,False,True
342,127426002,195.24000000,10.00000000,1952.40000000,1583971431279,False,True
343,127426003,195.25000000,40.00000000,7810.00000000,1583971431279,False,True
344,127426004,195.19000000,1.00000000,195.19000000,1583971431303,True,True
345,127426005,195.25000000,0.50000000,97.62500000,1583971431578,False,True
346,127426006,195.23000000,5.00000000,976.15000000,1583971431800,True,True
347,127426007,195.23000000,0.30000000,58.56900000,1583971431804,True,True
348,127426008,195.22000000,4.33534000,846.34507480,1583971431922,True,True
349,127426009,195.24000000,0.27400000,53.49576000,1583971434410,False,True
350,127426010,195.24000000,0.00020000,0.03904800,1583971435354,False,True
351,127426011,195.24000000,1.79580000,350.61199200,1583971435354,False,True
352,127426012,195.24000000,0.00096000,0.18743040,1583971435358,False,True
353,127426013,195.23000000,6.14270000,1199.23932100,1583971436286,True,True
354,127426014,195.23000000,3.85730000,753.06067900,1583971436286,True,True
355,127426015,195.21000000,1.59269000,310.90901490,1583971436286,True,True
356,127426016,195.21000000,3.85730000,752.98353300,1583971436286,True,True
357,127426017,195.21000000,4.55001000,888.20745210,1583971436317,True,True
358,127426018,195.21000000,5.44319000,1062.56511990,1583971436317,True,True
359,127426019,195.21000000,2.88272000,562.73577120,1583971436317,True,True
360,127426020,195.21000000,2.04206000,398.63053260,1583971436343,True,True
361,127426021,195.21000000,0.28566000,55.76368860,1583971436353,True,True
362,127426022,195.18000000,1.00000000,195.18000000,1583971436548,True,True
363,127426023,195.18000000,0.30717000,59.95344060,1583971436641,True,True
364,127426024,195.20000000,1.51600000,295.92320000,1583971436725,False,True
365,127426025,195.19000000,0.90000000,175.67100000,1583971436992,True,True
366,127426026,195.16000000,1.02417000,199.87701720,1583971438777,True,True
367,127426027,195.19000000,0.40753000,79.54578070,1583971442079,False,True
368,127426028,195.19000000,6.00000000,1171.14000000,1583971443096,False,True
369,127426029,195.18000000,0.05840000,11.39851200,1583971444742,True,True
370,127426030,195.20000000,1.00000000,195.20000000,1583971445010,False,True
371,127426031,195.20000000,0.79708000,155.59001600,1583971445030,False,True
372,127426032,195.22000000,1.00000000,195.22000000,1583971445267,False,True
373,127426033,195.23000000,1.00000000,195.23000000,1583971445533,True,True
374,127426034,195.20000000,0.50000000,97.60000000,1583971447988,False,True
375,127426035,195.22000000,0.59584000,116.31988480,1583971448559,False,True
376,127426036,195.22000000,30.19387000,5894.44730140,1583971448559,False,True
377,127426037,195.25000000,1.55800000,304.19950000,1583971448559,False,True
378,127426038,195.25000000,4.16038000,812.31419500,1583971448559,False,True
379,127426039,195.26000000,6.00000000,1171.56000000,1583971448559,False,True
380,127426040,195.29000000,12.22832000,2388.06861280,1583971448559,False,True
381,127426041,195.29000000,1.26359000,246.76649110,1583971448559,False,True
382,127426042,195.27000000,1.79900000,351.29073000,1583971448914,True,True
383,127426043,195.28000000,0.06200000,12.10736000,1583971449018,True,True
384,127426044,195.29000000,0.62254000,121.57583660,1583971449314,True,True
385,127426045,195.28000000,2.56134000,500.17847520,1583971450856,True,True
386,127426046,195.28000000,7.43866000,1452.62152480,1583971451820,True,True
387,127426047,195.25000000,4.52090000,882.70572500,1583971451824,True,True
388,127426048,195.25000000,2.91776000,569.69264000,1583971451824,True,True
389,127426049,195.26000000,0.30000000,58.57800000,1583971451983,True,True
390,127426050,195.26000000,9.70000000,1894.02200000,1583971452018,True,True
391,127426051,195.20000000,0.30000000,58.56000000,1583971452018,True,True
392,127426052,195.21000000,10.00000000,1952.10000000,1583971452212,True,True
393,127426053,195.24000000,1.39100000,271.57884000,1583971452291,False,True
394,127426054,195.21000000,10.00000000,1952.10000000,1583971452334,True,True
395,127426055,195.20000000,0.10753000,20.98985600,1583971452334,True,True
396,127426056,195.20000000,9.78396000,1909.82899200,1583971452334,True,True
397,127426057,195.21000000,10.00000000,1952.10000000,1583971452424,True,True
398,127426058,195.19000000,10.00000000,1951.90000000,1583971452508,True,True
399,127426059,195.18000000,0.34913000,68.14319340,1583971452623,True,True
400,127426060,195.18000000,9.50000000,1854.21000000,1583971452623,True,True
401,127426061,195.18000000,21.66472000,4228.52004960,1583971452725,True,True
402,127426062,195.16000000,0.92400000,180.32784000,1583971452829,True,True
403,127426063,195.15000000,1.57893000,308.12818950,1583971452829,True,True
404,127426064,195.14000000,6.99707000,1365.40823980,1583971452829,True,True
405,127426065,195.16000000,17.33046000,3382.21257360,1583971452936,True,True
406,127426066,195.14000000,3.10000000,604.93400000,1583971453320,True,True
407,127426067,195.15000000,0.10200000,19.90530000,1583971453352,False,True
408,127426068,195.11000000,0.50000000,97.55500000,1583971453653,True,True
409,127426069,195.10000000,0.24400000,47.60440000,1583971453653,True,True
410,127426070,195.16000000,0.05641000,11.00897560,1583971454960,False,True
411,127426071,195.16000000,0.85600000,167.05696000,1583971455225,False,True
412,127426072,195.14000000,0.30000000,58.54200000,1583971455987,True,True
413,127426073,195.16000000,10.00000000,1951.60000000,1583971458047,False,True
414,127426074,195.16000000,4.29133000,837.49596280,1583971458092,False,True
415,127426075,195.16000000,2.00000000,390.32000000,1583971458092,False,True
416,127426076,195.16000000,0.87237000,170.25172920,1583971458295,True,True
417,127426077,195.15000000,0.30000000,58.54500000,1583971460001,True,True
418,127426078,195.15000000,1.00000000,195.15000000,1583971460488,True,True
419,127426079,195.16000000,1.79745000,350.79034200,1583971462185,False,True
420,127426080,195.16000000,0.14600000,28.49336000,1583971462602,True,True
421,127426081,195.16000000,0.30000000,58.54800000,1583971464013,True,True
422,127426082,195.16000000,0.20656000,40.31224960,1583971464962,True,True
423,127426083,195.16000000,0.59500000,116.12020000,1583971465069,True,True
424,127426084,195.17000000,0.06091000,11.88780470,1583971465152,False,True
425,127426085,195.16000000,2.30006000,448.87970960,1583971466921,True,True
426,127426086,195.15000000,0.20000000,39.03000000,1583971467578,True,True
427,127426087,195.15000000,0.30000000,58.54500000,1583971468020,True,True
428,127426088,195.15000000,2.17590000,424.62688500,1583971470094,True,True
429,127426089,195.16000000,0.06085000,11.87548600,1583971473357,False,True
430,127426090,195.16000000,10.00000000,1951.60000000,1583971474004,False,True
431,127426091,195.16000000,10.00000000,1951.60000000,1583971474004,False,True
432,127426092,195.16000000,19.81203000,3866.51577480,1583971474014,False,True
433,127426093,195.16000000,0.25800000,50.35128000,1583971474014,False,True
434,127426094,195.17000000,0.41399000,80.79842830,1583971474029,False,True
435,127426095,195.17000000,6.08601000,1187.80657170,1583971474029,False,True
436,127426096,195.17000000,13.40000000,2615.27800000,1583971474088,False,True
437,127426097,195.17000000,1.97493000,385.44708810,1583971474089,False,True
438,127426098,195.20000000,1.03500000,202.03200000,1583971474193,False,True
439,127426099,195.22000000,5.08000000,991.71760000,1583971474262,False,True
440,127426100,195.24000000,6.00000000,1171.44000000,1583971474302,False,True
441,127426101,195.24000000,0.50000000,97.62000000,1583971474302,False,True
442,127426102,195.26000000,1.30000000,253.83800000,1583971475099,True,True
443,127426103,195.25000000,0.13544000,26.44466000,1583971475202,True,True
444,127426104,195.26000000,0.37000000,72.24620000,1583971475743,True,True
445,127426105,195.25000000,10.00000000,1952.50000000,1583971477240,False,True
446,127426106,195.26000000,1.82692000,356.72439920,1583971477240,False,True
447,127426107,195.25000000,9.93701000,1940.20120250,1583971478037,False,True
448,127426108,195.30000000,3.50000000,683.55000000,1583971478237,False,True
449,127426109,195.30000000,1.62584000,317.52655200,1583971478272,False,True
450,127426110,195.32000000,2.61843000,511.43174760,1583971478399,False,True
451,127426111,195.32000000,2.57991000,503.90802120,1583971478404,False,True
452,127426112,195.32000000,8.79966000,1718.74959120,1583971478405,False,True
453,127426113,195.32000000,0.44200000,86.33144000,1583971478433,False,True
454,127426114,195.32000000,0.22484000,43.91574880,1583971478595,True,True
455,127426115,195.32000000,10.00000000,1953.20000000,1583971479913,False,True
456,127426116,195.31000000,0.18970000,37.05030700,1583971480647,True,True
457,127426117,195.31000000,1.20130000,234.62590300,1583971481172,True,True
458,127426118,195.31000000,1.39100000,271.67621000,1583971481172,True,True
459,127426119,195.31000000,1.39100000,271.67621000,1583971481172,True,True
460,127426120,195.31000000,9.24318000,1805.28548580,1583971481172,True,True
461,127426121,195.32000000,0.12921000,25.23729720,1583971481885,False,True
462,127426122,195.35000000,0.06187000,12.08630450,1583971483559,False,True
463,127426123,195.32000000,0.41700000,81.44844000,1583971484870,True,True
464,127426124,195.32000000,0.97400000,190.24168000,1583971485293,True,True
465,127426125,195.28000000,5.61853000,1097.18653840,1583971485625,True,True
466,127426126,195.28000000,4.38147000,855.61346160,1583971485638,True,True
467,127426127,195.25000000,1.00293000,195.82208250,1583971485639,True,True
468,127426128,195.25000000,4.17715000,815.58853750,1583971485639,True,True
469,127426129,195.22000000,1.00000000,195.22000000,1583971485736,True,True
470,127426130,195.22000000,4.10000000,800.40200000,1583971485754,True,True
471,127426131,195.22000000,4.48300000,875.17126000,1583971485754,True,True
472,127426132,195.22000000,2.86269000,558.85434180,1583971485754,True,True
473,127426133,195.22000000,0.63805000,124.56012100,1583971485754,True,True
474,127426134,195.26000000,0.16087000,31.41147620,1583971485760,False,True
475,127426135,195.25000000,0.10236000,19.98579000,1583971485761,True,True
476,127426136,195.25000000,0.18340000,35.80885000,1583971485869,False,True
477,127426137,195.23000000,1.00000000,195.23000000,1583971486167,True,True
478,127426138,195.23000000,1.00000000,195.23000000,1583971486338,True,True
479,127426139,195.24000000,0.06215000,12.13416600,1583971486871,False,True
480,127426140,195.22000000,1.79703000,350.81619660,1583971488662,False,True
481,127426141,195.24000000,0.24733000,48.28870920,1583971488826,False,True
482,127426142,195.24000000,0.75267000,146.95129080,1583971488826,False,True
483,127426143,195.24000000,1.94495000,379.73203800,1583971488831,False,True
484,127426144,195.28000000,1.70000000,331.97600000,1583971489083,False,True
485,127426145,195.28000000,0.50000000,97.64000000,1583971489083,False,True
486,127426146,195.30000000,1.79611000,350.78028300,1583971489603,True,True
487,127426147,195.29000000,0.20389000,39.81767810,1583971489603,True,True
488,127426148,195.28000000,1.79620000,350.76193600,1583971490446,True,True
489,127426149,195.27000000,0.19680000,38.42913600,1583971490446,True,True
490,127426150,195.27000000,1.95945000,382.62180150,1583971491729,False,True
491,127426151,195.21000000,1.00000000,195.21000000,1583971491781,True,True
492,127426152,195.22000000,1.00000000,195.22000000,1583971492640,True,True
493,127426153,195.26000000,0.05860000,11.44223600,1583971493765,False,True
494,127426154,195.22000000,1.79676000,350.76348720,1583971494115,True,True
495,127426155,195.21000000,1.17324000,229.02818040,1583971494115,True,True
496,127426156,195.19000000,1.00000000,195.19000000,1583971494275,True,True
497,127426157,195.26000000,1.44743000,282.62518180,1583971496044,False,True
498,127426158,195.23000000,0.05817000,11.35652910,1583971498364,True,True
499,127426159,195.23000000,0.40000000,78.09200000,1583971499538,True,True
