,id,price,qty,quoteQty,time,isBuyerMaker,isBestMatch
0,133350618,136.19000000,1.40000000,190.66600000,1584856954816,False,True
1,133350619,136.19000000,1.00000000,136.19000000,1584856954821,False,True
2,133350620,136.18000000,2.00000000,272.36000000,1584856958944,True,True
3,133350621,136.18000000,1.00000000,136.18000000,1584856958945,True,True
4,133350622,136.18000000,4.34292000,591.41884560,1584856958955,True,True
5,133350623,136.19000000,3.00900000,409.79571000,1584856963240,False,True
6,133350624,136.19000000,0.14688000,20.00358720,1584856963819,False,True
7,133350625,136.19000000,0.08521000,11.60474990,1584856964611,False,True
8,133350626,136.20000000,0.29498000,40.17627600,1584856967764,False,True
9,133350627,136.20000000,0.11196000,15.24895200,1584856967764,False,True
10,133350628,136.21000000,3.92300000,534.35183000,1584856970081,False,True
11,133350629,136.20000000,0.14600000,19.88520000,1584856970235,False,True
12,133350630,136.17000000,7.34027000,999.52456590,1584856970901,True,True
13,133350631,136.17000000,2.36191000,321.62128470,1584856970901,True,True
14,133350632,136.16000000,1.42148000,193.54871680,1584856970901,True,True
15,133350633,136.17000000,3.31200000,450.99504000,1584856971421,False,True
16,133350634,136.17000000,0.08616000,11.73240720,1584856974851,False,True
17,133350635,136.17000000,0.23129000,31.49475930,1584856977823,False,True
18,133350636,136.17000000,0.23008000,31.32999360,1584856977823,False,True
19,133350637,136.19000000,0.14094000,19.19461860,1584856980788,False,True
20,133350638,136.20000000,0.35906000,48.90397200,1584856980788,False,True
21,133350639,136.20000000,0.50000000,68.10000000,1584856980807,False,True
22,133350640,136.20000000,7.50000000,1021.50000000,1584856981998,False,True
23,133350641,136.20000000,4.69300000,639.18660000,1584856982003,False,True
24,133350642,136.20000000,5.00000000,681.00000000,1584856982006,False,True
25,133350643,136.20000000,2.80700000,382.31340000,1584856982020,False,True
26,133350644,136.20000000,2.50000000,340.50000000,1584856983041,False,True
27,133350645,136.20000000,2.50000000,340.50000000,1584856983042,False,True
28,133350646,136.20000000,1.00000000,136.20000000,1584856983112,False,True
29,133350647,136.20000000,1.20000000,163.44000000,1584856983112,False,True
30,133350648,136.20000000,1.99999000,272.39863800,1584856983124,False,True
31,133350649,136.20000000,0.87295000,118.89579000,1584856983163,False,True
32,133350650,136.23000000,1.80000000,245.21400000,1584856983512,True,True
33,133350651,136.23000000,0.00028000,0.03814440,1584856983685,True,True
34,133350652,136.23000000,2.08323000,283.79842290,1584856983685,True,True
35,133350653,136.24000000,0.08674000,11.81745760,1584856985064,False,True
36,133350654,136.24000000,0.19478000,26.53682720,1584856985838,False,True
37,133350655,136.25000000,0.80569000,109.77526250,1584856985838,False,True
38,133350656,136.25000000,6.29977000,858.34366250,1584856985843,False,True
39,133350657,136.25000000,8.78884000,1197.47945000,1584856985843,False,True
40,133350658,136.25000000,0.08700000,11.85375000,1584856985909,True,True
41,133350659,136.26000000,0.10000000,13.62600000,1584856985966,False,True
42,133350660,136.26000000,1.86555000,254.19984300,1584856986133,True,True
43,133350661,136.29000000,0.36704000,50.02388160,1584856987017,False,True
44,133350662,136.25000000,0.69100000,94.14875000,1584856987372,True,True
45,133350663,136.27000000,3.67080000,500.21991600,1584856988877,False,True
46,133350664,136.28000000,5.13460000,699.74328800,1584856989192,True,True
47,133350665,136.28000000,9.54050000,1300.17934000,1584856989192,True,True
48,133350666,136.29000000,0.03296000,4.49211840,1584856989453,False,True
49,133350667,136.29000000,0.46704000,63.65288160,1584856989453,False,True
50,133350668,136.30000000,0.14677000,20.00475100,1584856989894,False,True
51,133350669,136.30000000,1.02135000,139.21000500,1584856989921,False,True
52,133350670,136.30000000,0.81958000,111.70875400,1584856992325,False,True
53,133350671,136.31000000,16.35622000,2229.51634820,1584856993185,True,True
54,133350672,136.32000000,0.08133000,11.08690560,1584856993270,False,True
55,133350673,136.32000000,0.28648000,39.05295360,1584856994075,False,True
56,133350674,136.34000000,0.75394000,102.79217960,1584856994075,False,True
57,133350675,136.30000000,0.11000000,14.99300000,1584856995111,True,True
58,133350676,136.30000000,0.07364000,10.03713200,1584856995325,True,True
59,133350677,136.32000000,0.40000000,54.52800000,1584856996304,False,True
60,133350678,136.32000000,1.43368000,195.43925760,1584856996798,False,True
61,133350679,136.34000000,0.73196000,99.79542640,1584856997563,False,True
62,133350680,136.34000000,1.00002000,136.34272680,1584856997919,False,True
63,133350681,136.34000000,0.58728000,80.06975520,1584856998141,False,True
64,133350682,136.35000000,0.91272000,124.44937200,1584856998141,False,True
65,133350683,136.35000000,0.80000000,109.08000000,1584856999193,False,True
66,133350684,136.35000000,0.50000000,68.17500000,1584856999193,False,True
67,133350685,136.35000000,0.08455000,11.52839250,1584856999427,False,True
68,133350686,136.31000000,0.11000000,14.99410000,1584856999904,True,True
69,133350687,136.34000000,1.83000000,249.50220000,1584857000013,False,True
70,133350688,136.35000000,5.86404000,799.56185400,1584857000302,False,True
71,133350689,136.36000000,0.99682000,135.92637520,1584857000302,False,True
72,133350690,136.36000000,1.27473000,173.82218280,1584857000302,False,True
73,133350691,136.36000000,8.60953000,1173.99551080,1584857000302,False,True
74,133350692,136.36000000,2.48980000,339.50912800,1584857000302,False,True
75,133350693,136.36000000,2.03388000,277.33987680,1584857000302,False,True
76,133350694,136.37000000,1.56120000,212.90084400,1584857000302,False,True
77,133350695,136.34000000,0.24903000,33.95275020,1584857000494,True,True
78,133350696,136.38000000,0.08249000,11.24998620,1584857001484,False,True
79,133350697,136.38000000,1.00020000,136.40727600,1584857002082,False,True
80,133350698,136.38000000,1.00037000,136.43046060,1584857006251,False,True
81,133350699,136.38000000,0.08850000,12.06963000,1584857009702,False,True
82,133350700,136.34000000,0.07483000,10.20232220,1584857010249,False,True
83,133350701,136.38000000,0.92835000,126.60837300,1584857010249,False,True
84,133350702,136.39000000,5.00000000,681.95000000,1584857012882,False,True
85,133350703,136.39000000,0.11000000,15.00290000,1584857013207,False,True
86,133350704,136.39000000,2.19000000,298.69410000,1584857013337,False,True
87,133350705,136.40000000,0.01000000,1.36400000,1584857013337,False,True
88,133350706,136.40000000,0.17291000,23.58492400,1584857013360,False,True
89,133350707,136.40000000,0.32709000,44.61507600,1584857013360,False,True
90,133350708,136.40000000,1.00023000,136.43137200,1584857014633,False,True
91,133350709,136.39000000,3.82350000,521.48716500,1584857014654,True,True
92,133350710,136.38000000,40.62944000,5541.04302720,1584857014654,True,True
93,133350711,136.38000000,49.93433000,6810.04392540,1584857014654,True,True
94,133350712,136.39000000,46.17649000,6298.01147110,1584857014672,True,True
95,133350713,136.39000000,3.82350000,521.48716500,1584857014675,True,True
96,133350714,136.39000000,2.76802000,377.53024780,1584857014699,True,True
97,133350715,136.34000000,0.14662000,19.99017080,1584857015146,True,True
98,133350716,136.34000000,1.85337000,252.68846580,1584857015146,True,True
99,133350717,136.32000000,2.50000000,340.80000000,1584857015481,True,True
100,133350718,136.32000000,0.67918000,92.58581760,1584857015482,True,True
101,133350719,136.34000000,3.11713000,424.98950420,1584857015561,False,True
102,133350720,136.33000000,0.84364000,115.01344120,1584857015656,False,True
103,133350721,136.33000000,0.84364000,115.01344120,1584857015763,False,True
104,133350722,136.33000000,0.84364000,115.01344120,1584857016610,False,True
105,133350723,136.33000000,0.84364000,115.01344120,1584857016717,False,True
106,133350724,136.33000000,0.84364000,115.01344120,1584857017020,False,True
107,133350725,136.33000000,0.84364000,115.01344120,1584857017773,False,True
108,133350726,136.33000000,0.84364000,115.01344120,1584857017874,False,True
109,133350727,136.33000000,0.84364000,115.01344120,1584857017980,False,True
110,133350728,136.33000000,0.84364000,115.01344120,1584857018111,False,True
111,133350729,136.33000000,0.84364000,115.01344120,1584857018524,False,True
112,133350730,136.33000000,4.28945000,584.78071850,1584857019103,False,True
113,133350731,136.34000000,4.17430000,569.12406200,1584857019112,False,True
114,133350732,136.35000000,1.05967000,144.48600450,1584857019189,False,True
115,133350733,136.35000000,4.66093000,635.51780550,1584857019424,False,True
116,133350734,136.35000000,0.37940000,51.73119000,1584857019688,False,True
117,133350735,136.37000000,0.08609000,11.74009330,1584857019921,False,True
118,133350736,136.38000000,0.14662000,19.99603560,1584857022218,False,True
119,133350737,136.40000000,0.07668000,10.45915200,1584857023192,False,True
120,133350738,136.43000000,0.92365000,126.01356950,1584857023192,False,True
121,133350739,136.43000000,1.00163000,136.65238090,1584857027545,False,True
122,133350740,136.43000000,4.17472000,569.55704960,1584857027770,False,True
123,133350741,136.43000000,4.81909000,657.46844870,1584857027770,False,True
124,133350742,136.44000000,2.55000000,347.92200000,1584857027770,False,True
125,133350743,136.44000000,7.99999000,1091.51863560,1584857027770,False,True
126,133350744,136.45000000,2.31837000,316.34158650,1584857027770,False,True
127,133350745,136.45000000,2.39506000,326.80593700,1584857027770,False,True
128,133350746,136.46000000,3.10000000,423.02600000,1584857027770,False,True
129,133350747,136.46000000,4.39491000,599.72941860,1584857027770,False,True
130,133350748,136.47000000,0.23698000,32.34066060,1584857027770,False,True
131,133350749,136.47000000,1.19503000,163.08574410,1584857027770,False,True
132,133350750,136.47000000,47.01497000,6416.13295590,1584857027770,False,True
133,133350751,136.46000000,0.08489000,11.58408940,1584857028139,False,True
134,133350752,136.41000000,0.11000000,15.00510000,1584857029122,True,True
135,133350753,136.39000000,0.14655000,19.98795450,1584857029432,True,True
136,133350754,136.37000000,0.97045000,132.34026650,1584857029432,True,True
137,133350755,136.40000000,0.09780000,13.33992000,1584857030749,False,True
138,133350756,136.40000000,1.24015000,169.15646000,1584857031845,False,True
139,133350757,136.40000000,1.00001000,136.40136400,1584857031878,False,True
140,133350758,136.39000000,0.31746000,43.29836940,1584857032397,False,True
141,133350759,136.41000000,0.14655000,19.99088550,1584857032889,False,True
142,133350760,136.42000000,6.10000000,832.16200000,1584857034668,False,True
143,133350761,136.45000000,1.21336000,165.56297200,1584857034668,False,True
144,133350762,136.44000000,1.00036000,136.48911840,1584857036049,False,True
145,133350763,136.44000000,1.30313000,177.79905720,1584857036198,False,True
146,133350764,136.42000000,5.12914000,699.71727880,1584857036877,True,True
147,133350765,136.41000000,0.11000000,15.00510000,1584857037150,True,True
148,133350766,136.45000000,0.08247000,11.25303150,1584857038346,False,True
149,133350767,136.45000000,0.50000000,68.22500000,1584857038448,False,True
150,133350768,136.47000000,1.05941000,144.57768270,1584857040845,False,True
151,133350769,136.42000000,1.77700000,242.41834000,1584857040928,True,True
152,133350770,136.42000000,3.35158000,457.22254360,1584857040999,True,True
153,133350771,136.42000000,4.82947000,658.83629740,1584857040999,True,True
154,133350772,136.41000000,0.16169000,22.05613290,1584857040999,True,True
155,133350773,136.46000000,3.47980000,474.85350800,1584857041321,True,True
156,133350774,136.47000000,0.36744000,50.14453680,1584857041593,False,True
157,133350775,136.47000000,4.88085000,666.08959950,1584857041593,False,True
158,133350776,136.47000000,2.06192000,281.39022240,1584857041593,False,True
159,133350777,136.45000000,0.99900000,136.31355000,1584857041811,True,True
160,133350778,136.46000000,0.59080000,80.62056800,1584857042049,True,True
161,133350779,136.48000000,0.36713000,50.10590240,1584857043926,False,True
162,133350780,136.50000000,0.30000000,40.95000000,1584857044130,False,True
163,133350781,136.50000000,0.16000000,21.84000000,1584857044130,False,True
164,133350782,136.50000000,1.39826000,190.86249000,1584857044130,False,True
165,133350783,136.50000000,3.33374000,455.05551000,1584857044130,False,True
166,133350784,136.47000000,1.90400000,259.83888000,1584857044147,False,True
167,133350785,136.50000000,0.65045000,88.78642500,1584857044147,False,True
168,133350786,136.50000000,28.86655000,3940.28407500,1584857044147,False,True
169,133350787,136.50000000,39.39201000,5377.00936500,1584857044178,False,True
170,133350788,136.50000000,2.76144000,376.93656000,1584857044178,False,True
171,133350789,136.49000000,4.50200000,614.47798000,1584857044280,True,True
172,133350790,136.49000000,1.81117000,247.20659330,1584857044372,True,True
173,133350791,136.46000000,0.00083000,0.11326180,1584857044372,True,True
174,133350792,136.48000000,0.45614000,62.25398720,1584857044504,True,True
175,133350793,136.50000000,31.00000000,4231.50000000,1584857044611,False,True
176,133350794,136.50000000,0.67910000,92.69715000,1584857044628,False,True
177,133350795,136.50000000,1.00000000,136.50000000,1584857044641,False,True
178,133350796,136.50000000,28.00000000,3822.00000000,1584857044644,False,True
179,133350797,136.50000000,2.50000000,341.25000000,1584857044650,False,True
180,133350798,136.50000000,1.03083000,140.70829500,1584857044666,False,True
181,133350799,136.50000000,23.00000000,3139.50000000,1584857044667,False,True
182,133350800,136.50000000,7.00000000,955.50000000,1584857044668,False,True
183,133350801,136.50000000,59.10000000,8067.15000000,1584857044669,False,True
184,133350802,136.50000000,2.00000000,273.00000000,1584857044671,False,True
185,133350803,136.50000000,72.00000000,9828.00000000,1584857044713,False,True
186,133350804,136.50000000,1.17007000,159.71455500,1584857044731,False,True
187,133350805,136.50000000,3.25867000,444.80845500,1584857044731,False,True
188,133350806,136.50000000,1.36525000,186.35662500,1584857044731,False,True
189,133350807,136.50000000,2.19680000,299.86320000,1584857044731,False,True
190,133350808,136.50000000,0.20000000,27.30000000,1584857044731,False,True
191,133350809,136.50000000,0.99027000,135.17185500,1584857044731,False,True
192,133350810,136.50000000,1.20653000,164.69134500,1584857044733,False,True
193,133350811,136.50000000,2.19680000,299.86320000,1584857044733,False,True
194,133350812,136.50000000,2.19680000,299.86320000,1584857044733,False,True
195,133350813,136.50000000,0.24868000,33.94482000,1584857044733,False,True
196,133350814,136.50000000,1.94812000,265.91838000,1584857044744,False,True
197,133350815,136.50000000,0.45393000,61.96144500,1584857044744,False,True
198,133350816,136.51000000,0.11016000,15.03794160,1584857044859,False,True
199,133350817,136.51000000,0.13918000,18.99946180,1584857044859,False,True
200,133350818,136.51000000,1.26083000,172.11590330,1584857044859,False,True
201,133350819,136.51000000,1.26000000,172.00260000,1584857044888,False,True
202,133350820,136.51000000,0.00083000,0.11330330,1584857044901,False,True
203,133350821,136.51000000,1.26083000,172.11590330,1584857044901,False,True
204,133350822,136.51000000,0.00538000,0.73442380,1584857044901,False,True
205,133350823,136.51000000,1.25545000,171.38147950,1584857044950,False,True
206,133350824,136.51000000,1.26083000,172.11590330,1584857044990,False,True
207,133350825,136.51000000,1.26083000,172.11590330,1584857044990,False,True
208,133350826,136.51000000,1.26083000,172.11590330,1584857044990,False,True
209,133350827,136.51000000,0.36430000,49.73059300,1584857044990,False,True
210,133350828,136.55000000,0.52901000,72.23631550,1584857045039,False,True
211,133350829,136.55000000,1.47099000,200.86368450,1584857045039,False,True
212,133350830,136.55000000,3.00000000,409.65000000,1584857045045,False,True
213,133350831,136.55000000,0.17001000,23.21486550,1584857045062,False,True
214,133350832,136.55000000,0.82999000,113.33513450,1584857045062,False,True
215,133350833,136.55000000,2.00000000,273.10000000,1584857045132,False,True
216,133350834,136.56000000,0.30604000,41.79282240,1584857045263,False,True
217,133350835,136.57000000,0.10500000,14.33985000,1584857045429,False,True
218,133350836,136.57000000,1.27100000,173.58047000,1584857045429,False,True
219,133350837,136.57000000,0.00093000,0.12701010,1584857045443,False,True
220,133350838,136.57000000,0.13669000,18.66775330,1584857045477,True,True
221,133350839,136.58000000,1.11351000,152.08319580,1584857045708,False,True
222,133350840,136.58000000,0.36704000,50.13032320,1584857045708,False,True
223,133350841,136.58000000,1.79940000,245.76205200,1584857045708,False,True
224,133350842,136.57000000,1.23931000,169.25256670,1584857045784,True,True
225,133350843,136.57000000,0.36421000,49.74015970,1584857045784,True,True
226,133350844,136.58000000,3.00000000,409.74000000,1584857045804,False,True
227,133350845,136.58000000,2.00000000,273.16000000,1584857045838,False,True
228,133350846,136.58000000,2.98590000,407.81422200,1584857045849,False,True
229,133350847,136.58000000,0.01410000,1.92577800,1584857045849,False,True
230,133350848,136.58000000,0.42522000,58.07654760,1584857045855,False,True
231,133350849,136.58000000,0.42522000,58.07654760,1584857045891,False,True
232,133350850,136.58000000,0.01410000,1.92577800,1584857045982,False,True
233,133350851,136.58000000,0.43932000,60.00232560,1584857045982,False,True
234,133350852,136.58000000,0.43932000,60.00232560,1584857045982,False,True
235,133350853,136.58000000,0.37416000,51.10277280,1584857045982,False,True
236,133350854,136.57000000,0.11000000,15.02270000,1584857045992,True,True
237,133350855,136.58000000,0.06516000,8.89955280,1584857046163,False,True
238,133350856,136.58000000,0.43932000,60.00232560,1584857046163,False,True
239,133350857,136.58000000,0.43932000,60.00232560,1584857046163,False,True
240,133350858,136.58000000,0.43932000,60.00232560,1584857046163,False,True
241,133350859,136.58000000,0.43932000,60.00232560,1584857046163,False,True
242,133350860,136.58000000,0.43932000,60.00232560,1584857046163,False,True
243,133350861,136.60000000,6.95126000,949.54211600,1584857046266,False,True
244,133350862,136.60000000,3.10684000,424.39434400,1584857046297,False,True
245,133350863,136.60000000,1.39826000,191.00231600,1584857046297,False,True
246,133350864,136.62000000,1.26587000,172.94315940,1584857046342,False,True
247,133350865,136.62000000,7.32200000,1000.33164000,1584857046460,False,True
248,133350866,136.62000000,0.24969000,34.11264780,1584857046623,True,True
249,133350867,136.63000000,2.47613000,338.31364190,1584857046834,True,True
250,133350868,136.64000000,4.06495000,555.43476800,1584857046872,True,True
251,133350869,136.65000000,0.28801000,39.35656650,1584857046991,False,True
252,133350870,136.65000000,0.01166000,1.59333900,1584857046991,False,True
253,133350871,136.67000000,0.10000000,13.66700000,1584857047609,False,True
254,133350872,136.69000000,0.08514000,11.63778660,1584857047609,False,True
255,133350873,136.69000000,0.18104000,24.74635760,1584857047609,False,True
256,133350874,136.64000000,0.08241000,11.26050240,1584857048568,True,True
257,133350875,136.69000000,0.09770000,13.35461300,1584857048755,False,True
258,133350876,136.68000000,0.74972000,102.47172960,1584857048887,False,True
259,133350877,136.68000000,1.05572000,144.29580960,1584857049453,False,True
260,133350878,136.67000000,1.92600000,263.22642000,1584857050213,False,True
261,133350879,136.69000000,0.46700000,63.83423000,1584857050316,False,True
262,133350880,136.64000000,0.06389000,8.72992960,1584857050493,True,True
263,133350881,136.64000000,0.12293000,16.79715520,1584857050493,True,True
264,133350882,136.69000000,0.29991000,40.99469790,1584857050997,False,True
265,133350883,136.69000000,0.46700000,63.83423000,1584857051158,False,True
266,133350884,136.63000000,1.14726000,156.75013380,1584857051301,True,True
267,133350885,136.63000000,3.79915000,519.07786450,1584857051411,True,True
268,133350886,136.63000000,2.54166000,347.26700580,1584857051439,True,True
269,133350887,136.62000000,0.11000000,15.02820000,1584857051468,True,True
270,133350888,136.65000000,1.35600000,185.29740000,1584857051551,False,True
271,133350889,136.62000000,3.47789000,475.14933180,1584857051552,True,True
272,133350890,136.62000000,2.51211000,343.20446820,1584857051554,True,True
273,133350891,136.60000000,0.36975000,50.50785000,1584857051791,True,True
274,133350892,136.61000000,6.10000000,833.32100000,1584857051967,True,True
275,133350893,136.58000000,1.00000000,136.58000000,1584857052163,True,True
276,133350894,136.58000000,5.10000000,696.55800000,1584857052165,True,True
277,133350895,136.60000000,1.28100000,174.98460000,1584857052181,False,True
278,133350896,136.61000000,0.75010000,102.47116100,1584857052896,False,True
279,133350897,136.61000000,3.48546000,476.14869060,1584857053543,False,True
280,133350898,136.57000000,6.10000000,833.07700000,1584857053621,True,True
281,133350899,136.56000000,6.10000000,833.01600000,1584857053704,True,True
282,133350900,136.55000000,6.00000000,819.30000000,1584857053717,True,True
283,133350901,136.54000000,0.14640000,19.98945600,1584857053745,True,True
284,133350902,136.55000000,6.10000000,832.95500000,1584857053798,True,True
285,133350903,136.53000000,0.14642000,19.99072260,1584857053820,True,True
286,133350904,136.54000000,6.10000000,832.89400000,1584857053934,True,True
287,133350905,136.56000000,0.14630000,19.97872800,1584857054025,False,True
288,133350906,136.56000000,0.86150000,117.64644000,1584857054025,False,True
289,133350907,136.55000000,3.82032000,521.66469600,1584857054427,False,True
290,133350908,136.55000000,1.17020000,159.79081000,1584857054445,False,True
291,133350909,136.55000000,0.13468000,18.39055400,1584857054450,False,True
292,133350910,136.56000000,2.09641000,286.28574960,1584857054450,False,True
293,133350911,136.56000000,0.41891000,57.20634960,1584857054450,False,True
294,133350912,136.50000000,8.59374000,1173.04551000,1584857054698,True,True
295,133350913,136.50000000,7.21000000,984.16500000,1584857054698,True,True
296,133350914,136.49000000,1.83422000,250.35268780,1584857054698,True,True
297,133350915,136.52000000,0.30010000,40.96965200,1584857055008,False,True
298,133350916,136.53000000,2.00000000,273.06000000,1584857055307,False,True
299,133350917,136.54000000,0.30000000,40.96200000,1584857056462,False,True
300,133350918,136.51000000,1.09000000,148.79590000,1584857056567,True,True
301,133350919,136.54000000,4.68300000,639.41682000,1584857056883,False,True
302,133350920,136.54000000,0.74978000,102.37496120,1584857056910,False,True
303,133350921,136.54000000,0.14600000,19.93484000,1584857057297,False,True
304,133350922,136.54000000,0.14600000,19.93484000,1584857057400,False,True
305,133350923,136.50000000,0.08642000,11.79633000,1584857058782,True,True
306,133350924,136.53000000,0.29997000,40.95490410,1584857059018,False,True
307,133350925,136.51000000,0.94960000,129.62989600,1584857060766,False,True
308,133350926,136.51000000,0.74994000,102.37430940,1584857060917,False,True
309,133350927,136.51000000,1.60468000,219.05486680,1584857061379,False,True
310,133350928,136.51000000,3.74538000,511.28182380,1584857061438,False,True
311,133350929,136.51000000,0.15907000,21.71464570,1584857061438,False,True
312,133350930,136.51000000,6.10000000,832.71100000,1584857061565,False,True
313,133350931,136.52000000,2.50000000,341.30000000,1584857061604,False,True
314,133350932,136.52000000,1.32200000,180.47944000,1584857061610,False,True
315,133350933,136.53000000,2.50000000,341.32500000,1584857061622,False,True
316,133350934,136.53000000,0.01000000,1.36530000,1584857061633,False,True
317,133350935,136.55000000,0.29282000,39.98457100,1584857063024,False,True
318,133350936,136.55000000,0.00707000,0.96540850,1584857063024,False,True
319,133350937,136.54000000,0.74978000,102.37496120,1584857064929,False,True
320,133350938,136.54000000,5.00000000,682.70000000,1584857064998,False,True
321,133350939,136.54000000,0.21750000,29.69745000,1584857065110,False,True
322,133350940,136.54000000,0.13272000,18.12158880,1584857065424,False,True
323,133350941,136.54000000,0.26183000,35.75026820,1584857065424,False,True
324,133350942,136.54000000,0.29991000,40.94971140,1584857067037,False,True
325,133350943,136.54000000,5.80009000,791.94428860,1584857068437,False,True
326,133350944,136.54000000,2.51325000,343.15915500,1584857068437,False,True
327,133350945,136.54000000,0.37000000,50.51980000,1584857068437,False,True
328,133350946,136.54000000,0.22836000,31.18027440,1584857068437,False,True
329,133350947,136.50000000,0.06003000,8.19409500,1584857068705,True,True
330,133350948,136.48000000,8.93997000,1220.12710560,1584857068705,True,True
331,133350949,136.48000000,0.73158000,99.84603840,1584857068924,True,True
332,133350950,136.48000000,0.09832000,13.41871360,1584857068936,True,True
333,133350951,136.45000000,0.08084000,11.03061800,1584857069002,True,True
334,133350952,136.48000000,0.75005000,102.36682400,1584857069014,False,True
335,133350953,136.48000000,0.95866000,130.83791680,1584857069073,False,True
336,133350954,136.49000000,13.04134000,1780.01249660,1584857069174,False,True
337,133350955,136.49000000,0.17600000,24.02224000,1584857069557,False,True
338,133350956,136.51000000,0.29986000,40.93388860,1584857071040,False,True
339,133350957,136.51000000,1.00463000,137.14204130,1584857073001,False,True
340,133350958,136.51000000,0.74983000,102.35929330,1584857073032,False,True
341,133350959,136.51000000,4.04568000,552.27577680,1584857073111,False,True
342,133350960,136.52000000,2.37313000,323.97970760,1584857073111,False,True
343,133350961,136.53000000,1.60992000,219.80237760,1584857073111,False,True
344,133350962,136.46000000,0.14648000,19.98866080,1584857074852,True,True
345,133350963,136.43000000,4.00000000,545.72000000,1584857075001,True,True
346,133350964,136.43000000,1.12802000,153.89576860,1584857075028,True,True
347,133350965,136.43000000,0.48661000,66.38820230,1584857075028,True,True
348,133350966,136.49000000,0.14644000,19.98759560,1584857075043,False,True
349,133350967,136.49000000,0.15347000,20.94712030,1584857075043,False,True
350,133350968,136.42000000,1.17411000,160.17208620,1584857075062,True,True
351,133350969,136.42000000,1.03589000,141.31611380,1584857075073,True,True
352,133350970,136.42000000,0.14652000,19.98825840,1584857075073,True,True
353,133350971,136.41000000,4.58176000,624.99788160,1584857075150,True,True
354,133350972,136.42000000,0.14654000,19.99098680,1584857075190,True,True
355,133350973,136.40000000,1.68320000,229.58848000,1584857075193,True,True
356,133350974,136.40000000,0.00005000,0.00682000,1584857075198,True,True
357,133350975,136.40000000,1.68325000,229.59530000,1584857075198,True,True
358,133350976,136.40000000,0.81670000,111.39788000,1584857075198,True,True
359,133350977,136.40000000,0.86655000,118.19742000,1584857075198,True,True
360,133350978,136.40000000,1.63345000,222.80258000,1584857075198,True,True
361,133350979,136.40000000,0.04980000,6.79272000,1584857075209,True,True
362,133350980,136.40000000,1.68325000,229.59530000,1584857075209,True,True
363,133350981,136.40000000,1.68325000,229.59530000,1584857075209,True,True
364,133350982,136.40000000,0.40370000,55.06468000,1584857075209,True,True
365,133350983,136.40000000,1.27955000,174.53062000,1584857075359,True,True
366,133350984,136.40000000,0.40370000,55.06468000,1584857075373,True,True
367,133350985,136.40000000,1.27955000,174.53062000,1584857075386,True,True
368,133350986,136.40000000,0.40370000,55.06468000,1584857075399,True,True
369,133350987,136.39000000,0.51000000,69.55890000,1584857075439,True,True
370,133350988,136.39000000,3.18075000,433.82249250,1584857075753,False,True
371,133350989,136.39000000,1.98425000,270.63185750,1584857075862,False,True
372,133350990,136.38000000,0.08059000,10.99086420,1584857076198,True,True
373,133350991,136.37000000,1.14422000,156.03728140,1584857076198,True,True
374,133350992,136.38000000,9.27000000,1264.24260000,1584857076327,False,True
375,133350993,136.39000000,0.75016000,102.31432240,1584857077082,False,True
376,133350994,136.38000000,0.11549000,15.75052620,1584857077477,False,True
377,133350995,136.38000000,5.28551000,720.83785380,1584857077477,False,True
378,133350996,136.38000000,3.12000000,425.50560000,1584857077578,False,True
379,133350997,136.38000000,10.00000000,1363.80000000,1584857077596,False,True
380,133350998,136.38000000,1.63960000,223.60864800,1584857077625,False,True
381,133350999,136.39000000,5.13046000,699.74343940,1584857078477,True,True
382,133351000,136.37000000,8.63144000,1177.06947280,1584857078958,True,True
383,133351001,136.35000000,2.55000000,347.69250000,1584857079021,True,True
384,133351002,136.37000000,5.13140000,699.76901800,1584857079047,False,True
385,133351003,136.38000000,4.58914000,625.86691320,1584857079047,False,True
386,133351004,136.38000000,10.00000000,1363.80000000,1584857079047,False,True
387,133351005,136.39000000,5.07884000,692.70298760,1584857079047,False,True
388,133351006,136.40000000,16.44041000,2242.47192400,1584857079047,False,True
389,133351007,136.34000000,2.05008000,279.50790720,1584857079050,True,True
390,133351008,136.40000000,0.30000000,40.92000000,1584857079068,False,True
391,133351009,136.35000000,0.08391000,11.44112850,1584857079233,True,True
392,133351010,136.36000000,10.00000000,1363.60000000,1584857079326,True,True
393,133351011,136.34000000,7.94992000,1083.89209280,1584857079465,True,True
394,133351012,136.31000000,2.93252000,399.73180120,1584857079482,True,True
395,133351013,136.34000000,9.00000000,1227.06000000,1584857079518,False,True
396,133351014,136.35000000,9.00000000,1227.15000000,1584857079779,False,True
397,133351015,136.35000000,0.67113000,91.50857550,1584857079977,False,True
398,133351016,136.35000000,0.67113000,91.50857550,1584857080087,False,True
399,133351017,136.35000000,2.71174000,369.74574900,1584857080263,False,True
400,133351018,136.35000000,7.28826000,993.75425100,1584857081064,True,True
401,133351019,136.32000000,1.17156000,159.70705920,1584857081134,True,True
402,133351020,136.37000000,0.74978000,102.24749860,1584857081210,False,True
403,133351021,136.31000000,2.00000000,272.62000000,1584857081592,True,True
404,133351022,136.34000000,2.13045000,290.46555300,1584857081753,False,True
405,133351023,136.34000000,6.86955000,936.59444700,1584857081753,False,True
406,133351024,136.34000000,0.84380000,115.04369200,1584857081851,False,True
407,133351025,136.34000000,0.84380000,115.04369200,1584857081958,False,True
408,133351026,136.34000000,0.84380000,115.04369200,1584857082065,False,True
409,133351027,136.36000000,0.29997000,40.90390920,1584857083090,False,True
410,133351028,136.31000000,0.50000000,68.15500000,1584857084630,True,True
411,133351029,136.31000000,0.60000000,81.78600000,1584857084642,True,True
412,133351030,136.33000000,6.74100000,919.00053000,1584857084694,False,True
413,133351031,136.33000000,2.25900000,307.96947000,1584857085113,False,True
414,133351032,136.31000000,0.84124000,114.66942440,1584857085158,True,True
415,133351033,136.32000000,9.00000000,1226.88000000,1584857085216,False,True
416,133351034,136.33000000,0.74994000,102.23932020,1584857085237,False,True
417,133351035,136.30000000,0.50000000,68.15000000,1584857086107,True,True
418,133351036,136.30000000,1.00000000,136.30000000,1584857086107,True,True
419,133351037,136.30000000,2.00000000,272.60000000,1584857086124,True,True
420,133351038,136.30000000,0.50000000,68.15000000,1584857086125,True,True
421,133351039,136.34000000,7.27600000,992.00984000,1584857086384,False,True
422,133351040,136.34000000,0.21180000,28.87681200,1584857086384,False,True
423,133351041,136.34000000,0.08436000,11.50164240,1584857086848,False,True
424,133351042,136.34000000,0.29993000,40.89245620,1584857087126,False,True
425,133351043,136.30000000,1.20000000,163.56000000,1584857089040,True,True
426,133351044,136.30000000,1.00000000,136.30000000,1584857089040,True,True
427,133351045,136.30000000,0.12900000,17.58270000,1584857089040,True,True
428,133351046,136.30000000,1.00000000,136.30000000,1584857089041,True,True
429,133351047,136.33000000,0.74977000,102.21614410,1584857089246,False,True
430,133351048,136.33000000,49.25022000,6714.28249260,1584857089351,False,True
431,133351049,136.33000000,6.64258000,905.58293140,1584857089379,False,True
432,133351050,136.34000000,0.08605000,11.73205700,1584857089445,True,True
433,133351051,136.35000000,0.14649000,19.97391150,1584857089485,False,True
434,133351052,136.40000000,0.29975000,40.88590000,1584857091147,False,True
435,133351053,136.40000000,0.29306000,39.97338400,1584857091548,False,True
436,133351054,136.41000000,1.89899000,259.04122590,1584857091548,False,True
437,133351055,136.37000000,3.15664000,430.47099680,1584857092472,True,True
438,133351056,136.37000000,4.88003000,665.48969110,1584857092472,True,True
439,133351057,136.36000000,4.86846000,663.86320560,1584857092472,True,True
440,133351058,136.36000000,2.31342000,315.45795120,1584857092472,True,True
441,133351059,136.35000000,0.14661000,19.99027350,1584857092472,True,True
442,133351060,136.35000000,11.63484000,1586.41043400,1584857092472,True,True
443,133351061,136.39000000,0.74978000,102.26249420,1584857093276,False,True
444,133351062,136.35000000,14.14649000,1928.87391150,1584857093348,True,True
445,133351063,136.35000000,4.00000000,545.40000000,1584857093349,True,True
446,133351064,136.35000000,4.00000000,545.40000000,1584857093349,True,True
447,133351065,136.35000000,4.00000000,545.40000000,1584857093350,True,True
448,133351066,136.35000000,21.00000000,2863.35000000,1584857093355,True,True
449,133351067,136.35000000,7.00000000,954.45000000,1584857093360,True,True
450,133351068,136.35000000,10.00000000,1363.50000000,1584857093367,True,True
451,133351069,136.35000000,5.00000000,681.75000000,1584857093373,True,True
452,133351070,136.35000000,1.00000000,136.35000000,1584857093374,True,True
453,133351071,136.35000000,5.00000000,681.75000000,1584857093374,True,True
454,133351072,136.35000000,1.00000000,136.35000000,1584857093374,True,True
455,133351073,136.35000000,1.00000000,136.35000000,1584857093377,True,True
456,133351074,136.35000000,2.00000000,272.70000000,1584857093377,True,True
457,133351075,136.35000000,5.51861000,752.46247350,1584857093380,True,True
458,133351076,136.35000000,8.00000000,1090.80000000,1584857093382,True,True
459,133351077,136.34000000,0.05934000,8.09041560,1584857094014,True,True
460,133351078,136.35000000,0.30000000,40.90500000,1584857095168,False,True
461,133351079,136.34000000,6.74100000,919.06794000,1584857096080,False,True
462,133351080,136.34000000,3.31700000,452.23978000,1584857096080,False,True
463,133351081,136.35000000,0.14661000,19.99027350,1584857096080,False,True
464,133351082,136.36000000,6.10000000,831.79600000,1584857096080,False,True
465,133351083,136.37000000,10.78600000,1470.88682000,1584857096080,False,True
466,133351084,136.38000000,51.03900000,6960.69882000,1584857096080,False,True
467,133351085,136.38000000,1.60500000,218.88990000,1584857096080,False,True
468,133351086,136.38000000,3.11820000,425.26011600,1584857096080,False,True
469,133351087,136.39000000,9.36392000,1277.14504880,1584857096080,False,True
470,133351088,136.40000000,3.36000000,458.30400000,1584857096080,False,True
471,133351089,136.41000000,0.31745000,43.30335450,1584857096080,False,True
472,133351090,136.41000000,1.68523000,229.88222430,1584857096080,False,True
473,133351091,136.41000000,1.68523000,229.88222430,1584857096080,False,True
474,133351092,136.41000000,0.73536000,100.31045760,1584857096080,False,True
475,133351093,136.38000000,6.10000000,831.91800000,1584857096637,False,True
476,133351094,136.39000000,1.12630000,153.61605700,1584857096662,False,True
477,133351095,136.38000000,2.50000000,340.95000000,1584857096792,False,True
478,133351096,136.38000000,1.10000000,150.01800000,1584857096804,False,True
479,133351097,136.38000000,2.50000000,340.95000000,1584857096827,False,True
480,133351098,136.39000000,4.23770000,577.97990300,1584857096827,False,True
481,133351099,136.39000000,2.50000000,340.97500000,1584857097211,False,True
482,133351100,136.39000000,2.76501000,377.11971390,1584857097215,False,True
483,133351101,136.46000000,0.74906000,102.21672760,1584857097289,False,True
484,133351102,136.41000000,0.14600000,19.91586000,1584857098375,True,True
485,133351103,136.43000000,0.29989000,40.91399270,1584857099189,False,True
486,133351104,136.41000000,0.00055000,0.07502550,1584857099270,True,True
487,133351105,136.38000000,4.97747000,678.82735860,1584857099270,True,True
488,133351106,136.38000000,0.08611000,11.74368180,1584857099657,True,True
489,133351107,136.41000000,1.02600000,139.95666000,1584857101070,False,True
490,133351108,136.42000000,0.14655000,19.99235100,1584857101135,False,True
491,133351109,136.46000000,0.36650000,50.01259000,1584857101299,False,True
492,133351110,136.46000000,0.74972000,102.30679120,1584857101305,False,True
493,133351111,136.44000000,1.21000000,165.09240000,1584857101852,True,True
494,133351112,136.44000000,1.93300000,263.73852000,1584857102064,True,True
495,133351113,136.47000000,0.10000000,13.64700000,1584857102429,False,True
496,133351114,136.43000000,0.14600000,19.91878000,1584857102597,True,True
497,133351115,136.47000000,0.29989000,40.92598830,1584857103209,False,True
498,133351116,136.46000000,0.14657000,20.00094220,1584857104165,False,True
499,133351117,136.46000000,0.74978000,102.31497880,1584857105307,False,True
