,id,price,qty,quoteQty,time,isBuyerMaker,isBestMatch
0,121988758,260.63000000,0.23755000,61.91265650,1582361185030,False,True
1,121988759,260.64000000,2.38069000,620.50304160,1582361186256,True,True
2,121988760,260.64000000,1.01189000,263.73900960,1582361187105,True,True
3,121988761,260.64000000,1.00828000,262.79809920,1582361187957,True,True
4,121988762,260.70000000,0.20800000,54.22560000,1582361188144,False,True
5,121988763,260.64000000,1.00314000,261.45840960,1582361188801,True,True
6,121988764,260.64000000,0.04559000,11.88257760,1582361189172,True,True
7,121988765,260.64000000,1.00119000,260.95016160,1582361189641,True,True
8,121988766,260.69000000,1.37231000,357.74749390,1582361189817,False,True
9,121988767,260.64000000,0.17418000,45.39827520,1582361191947,True,True
10,121988768,260.69000000,0.04579000,11.93699510,1582361199366,True,True
11,121988769,260.71000000,9.99937000,2606.93575270,1582361200524,True,True
12,121988770,260.72000000,1.72961000,450.94391920,1582361200594,True,True
13,121988771,260.71000000,0.00063000,0.16424730,1582361200941,True,True
14,121988772,260.69000000,0.18346000,47.82618740,1582361200941,True,True
15,121988773,260.72000000,0.09428000,24.58068160,1582361202702,True,True
16,121988774,260.72000000,0.04342000,11.32046240,1582361203405,True,True
17,121988775,260.72000000,0.04339000,11.31264080,1582361203409,True,True
18,121988776,260.75000000,2.99965000,782.15873750,1582361203771,False,True
19,121988777,260.75000000,4.58030000,1194.31322500,1582361204710,False,True
20,121988778,260.75000000,0.00005000,0.01303750,1582361204722,False,True
21,121988779,260.76000000,0.96145000,250.70770200,1582361204722,False,True
22,121988780,260.76000000,0.00007000,0.01825320,1582361204817,False,True
23,121988781,260.84000000,0.09993000,26.06574120,1582361204817,False,True
24,121988782,260.76000000,1.72879000,450.79928040,1582361205352,True,True
25,121988783,260.76000000,0.14100000,36.76716000,1582361205464,True,True
26,121988784,260.77000000,0.19080000,49.75491600,1582361205771,True,True
27,121988785,260.79000000,0.13659000,35.62130610,1582361206279,True,True
28,121988786,260.79000000,1.72866000,450.81724140,1582361206322,True,True
29,121988787,260.79000000,1.52972000,398.93567880,1582361206498,True,True
30,121988788,260.79000000,4.33085000,1129.44237150,1582361206604,True,True
31,121988789,260.79000000,0.00077000,0.20080830,1582361207424,True,True
32,121988790,260.79000000,2.02096000,527.04615840,1582361207424,True,True
33,121988791,260.79000000,0.04464000,11.64166560,1582361209552,True,True
34,121988792,260.76000000,0.04240000,11.05622400,1582361210215,True,True
35,121988793,260.80000000,0.50084000,130.61907200,1582361213679,False,True
36,121988794,260.85000000,1.11465000,290.75645250,1582361213679,False,True
37,121988795,260.85000000,0.61641000,160.79054850,1582361213679,False,True
38,121988796,260.86000000,0.81241000,211.92527260,1582361213679,False,True
39,121988797,260.79000000,0.20900000,54.50511000,1582361214574,True,True
40,121988798,260.79000000,9.99927000,2607.70962330,1582361214574,True,True
41,121988799,260.76000000,0.38346000,99.99102960,1582361216065,False,True
42,121988800,260.73000000,0.13137000,34.25210010,1582361217310,True,True
43,121988801,260.73000000,4.11500000,1072.90395000,1582361217343,True,True
44,121988802,260.65000000,7.62000000,1986.15300000,1582361218863,True,True
45,121988803,260.65000000,2.38000000,620.34700000,1582361218863,True,True
46,121988804,260.70000000,0.38346000,99.96802200,1582361219135,False,True
47,121988805,260.70000000,0.38346000,99.96802200,1582361219228,False,True
48,121988806,260.70000000,0.38346000,99.96802200,1582361219320,False,True
49,121988807,260.65000000,0.04502000,11.73446300,1582361219758,True,True
50,121988808,260.70000000,1.78918000,466.43922600,1582361220276,False,True
51,121988809,260.70000000,0.57227000,149.19078900,1582361220867,False,True
52,121988810,260.70000000,12.48360000,3254.47452000,1582361220872,False,True
53,121988811,260.75000000,0.23755000,61.94116250,1582361221558,False,True
54,121988812,260.77000000,0.34167000,89.09728590,1582361221558,False,True
55,121988813,260.73000000,1.38700000,361.63251000,1582361223835,True,True
56,121988814,260.77000000,0.81262000,211.90691740,1582361225486,False,True
57,121988815,260.78000000,1.72978000,451.09202840,1582361225486,False,True
58,121988816,260.78000000,0.45713000,119.21036140,1582361225486,False,True
59,121988817,260.78000000,2.66549000,695.10648220,1582361227494,False,True
60,121988818,260.70000000,0.05364000,13.98394800,1582361227739,True,True
61,121988819,260.70000000,0.51061000,133.11602700,1582361228021,True,True
62,121988820,260.70000000,0.41990000,109.46793000,1582361228138,True,True
63,121988821,260.72000000,2.99953000,782.03746160,1582361228515,False,True
64,121988822,260.71000000,1.50000000,391.06500000,1582361228683,True,True
65,121988823,260.71000000,3.00000000,782.13000000,1582361228695,True,True
66,121988824,260.71000000,1.50000000,391.06500000,1582361228788,True,True
67,121988825,260.68000000,1.50000000,391.02000000,1582361228932,True,True
68,121988826,260.68000000,1.20160000,313.23308800,1582361228935,True,True
69,121988827,260.68000000,0.51961000,135.45193480,1582361229048,True,True
70,121988828,260.68000000,0.10800000,28.15344000,1582361229201,True,True
71,121988829,260.70000000,0.10000000,26.07000000,1582361229204,False,True
72,121988830,260.68000000,0.07643000,19.92377240,1582361229316,True,True
73,121988831,260.68000000,0.15305000,39.89707400,1582361229396,True,True
74,121988832,260.68000000,1.68946000,440.40843280,1582361229514,True,True
75,121988833,260.69000000,0.10000000,26.06900000,1582361230227,False,True
76,121988834,260.68000000,0.07674000,20.00458320,1582361230296,True,True
77,121988835,260.68000000,0.35632000,92.88549760,1582361230334,True,True
78,121988836,260.68000000,0.27959000,72.88352120,1582361230467,True,True
79,121988837,260.68000000,0.08600000,22.41848000,1582361230557,True,True
80,121988838,260.68000000,0.35632000,92.88549760,1582361230680,True,True
81,121988839,260.68000000,1.16688000,304.18227840,1582361230703,True,True
82,121988840,260.65000000,0.04563000,11.89345950,1582361231940,True,True
83,121988841,260.66000000,0.74300000,193.67038000,1582361233016,True,True
84,121988842,260.67000000,0.51186000,133.42654620,1582361233696,False,True
85,121988843,260.69000000,9.90000000,2580.83100000,1582361233696,False,True
86,121988844,260.69000000,1.43072000,372.97439680,1582361233696,False,True
87,121988845,260.70000000,3.78987000,988.01910900,1582361233696,False,True
88,121988846,260.71000000,2.40997000,628.30327870,1582361233696,False,True
89,121988847,260.66000000,0.08600000,22.41676000,1582361234277,True,True
90,121988848,260.73000000,0.10000000,26.07300000,1582361235138,False,True
91,121988849,260.73000000,0.10000000,26.07300000,1582361235313,False,True
92,121988850,260.73000000,0.10000000,26.07300000,1582361236507,False,True
93,121988851,260.67000000,1.06200000,276.83154000,1582361236586,True,True
94,121988852,260.67000000,0.51102000,133.20758340,1582361237998,True,True
95,121988853,260.67000000,0.08600000,22.41762000,1582361239636,True,True
96,121988854,260.67000000,5.00000000,1303.35000000,1582361239668,True,True
97,121988855,260.67000000,9.40298000,2451.07479660,1582361239700,True,True
98,121988856,260.65000000,6.00000000,1563.90000000,1582361239923,True,True
99,121988857,260.64000000,6.00000000,1563.84000000,1582361239956,True,True
100,121988858,260.64000000,4.47891000,1167.38310240,1582361240050,True,True
101,121988859,260.60000000,1.73084000,451.05690400,1582361240564,False,True
102,121988860,260.60000000,0.26916000,70.14309600,1582361240564,False,True
103,121988861,260.60000000,0.04464000,11.63318400,1582361240810,False,True
104,121988862,260.59000000,0.14200000,37.00378000,1582361241549,True,True
105,121988863,260.60000000,0.10000000,26.06000000,1582361241555,False,True
106,121988864,260.59000000,0.10000000,26.05900000,1582361241854,False,True
107,121988865,260.57000000,10.00000000,2605.70000000,1582361242594,False,True
108,121988866,260.58000000,3.28196000,855.21313680,1582361242594,False,True
109,121988867,260.59000000,1.32113000,344.27326670,1582361242594,False,True
110,121988868,260.59000000,1.55374000,404.88910660,1582361242594,False,True
111,121988869,260.59000000,0.54023000,140.77853570,1582361242609,False,True
112,121988870,260.60000000,3.29777000,859.39886200,1582361242609,False,True
113,121988871,260.60000000,2.06486000,538.10251600,1582361242800,False,True
114,121988872,260.55000000,1.73104000,451.02247200,1582361242913,True,True
115,121988873,260.54000000,1.73107000,451.01297780,1582361242913,True,True
116,121988874,260.54000000,0.62389000,162.54830060,1582361242913,True,True
117,121988875,260.54000000,2.01900000,526.03026000,1582361243005,True,True
118,121988876,260.56000000,0.25403000,66.19005680,1582361243870,False,True
119,121988877,260.52000000,0.04611000,12.01257720,1582361244134,True,True
120,121988878,260.54000000,10.00000000,2605.40000000,1582361246287,False,True
121,121988879,260.58000000,0.52557000,136.95303060,1582361246791,False,True
122,121988880,260.59000000,1.73107000,451.09953130,1582361246791,False,True
123,121988881,260.60000000,4.22357000,1100.66234200,1582361246791,False,True
124,121988882,260.60000000,0.98589000,256.92293400,1582361246791,False,True
125,121988883,260.60000000,7.67515000,2000.14409000,1582361246791,False,True
126,121988884,260.59000000,0.05139000,13.39172010,1582361248846,False,True
127,121988885,260.56000000,1.73120000,451.08147200,1582361251730,False,True
128,121988886,260.57000000,1.26833000,330.48874810,1582361251730,False,True
129,121988887,260.57000000,0.17267000,44.99262190,1582361253603,False,True
130,121988888,260.54000000,0.04306000,11.21885240,1582361254325,True,True
131,121988889,260.55000000,2.99988000,781.61873400,1582361254753,False,True
132,121988890,260.54000000,0.07676000,19.99905040,1582361255485,True,True
133,121988891,260.54000000,0.07300000,19.01942000,1582361256825,True,True
134,121988892,260.55000000,2.99988000,781.61873400,1582361257760,False,True
135,121988893,260.54000000,1.21800000,317.33772000,1582361260974,True,True
136,121988894,260.52000000,3.78200000,985.28664000,1582361260974,True,True
137,121988895,260.52000000,0.79700000,207.63444000,1582361260977,True,True
138,121988896,260.52000000,2.58062000,672.30312240,1582361261094,True,True
139,121988897,260.52000000,0.10000000,26.05200000,1582361261133,True,True
140,121988898,260.52000000,2.69427000,701.91122040,1582361261134,True,True
141,121988899,260.50000000,0.07676000,19.99598000,1582361261234,True,True
142,121988900,260.50000000,9.03940000,2354.76370000,1582361261298,True,True
143,121988901,260.50000000,8.41900000,2193.14950000,1582361261298,True,True
144,121988902,260.48000000,0.06900000,17.97312000,1582361261359,True,True
145,121988903,260.50000000,0.62370000,162.47385000,1582361261401,False,True
146,121988904,260.47000000,0.07678000,19.99888660,1582361261791,True,True
147,121988905,260.47000000,2.17050000,565.35013500,1582361261882,True,True
148,121988906,260.47000000,5.32272000,1386.40887840,1582361262160,True,True
149,121988907,260.44000000,3.83965000,999.99844600,1582361262514,True,True
150,121988908,260.42000000,1.26617000,329.73599140,1582361262514,True,True
151,121988909,260.39000000,0.21510000,56.00988900,1582361262514,True,True
152,121988910,260.39000000,0.32700000,85.14753000,1582361264081,False,True
153,121988911,260.34000000,0.04647000,12.09799980,1582361266516,True,True
154,121988912,260.35000000,0.07681000,19.99748350,1582361267479,True,True
155,121988913,260.33000000,0.05000000,13.01650000,1582361268787,True,True
156,121988914,260.33000000,0.07682000,19.99855060,1582361269451,True,True
157,121988915,260.33000000,1.00928000,262.74586240,1582361271643,True,True
158,121988916,260.33000000,0.07682000,19.99855060,1582361271679,True,True
159,121988917,260.33000000,0.07682000,19.99855060,1582361272242,True,True
160,121988918,260.33000000,0.06000000,15.61980000,1582361273468,True,True
161,121988919,260.33000000,3.32400000,865.33692000,1582361273596,True,True
162,121988920,260.33000000,0.67600000,175.98308000,1582361273681,True,True
163,121988921,260.33000000,2.29026000,596.22338580,1582361273762,True,True
164,121988922,260.34000000,0.05163000,13.44135420,1582361273844,False,True
165,121988923,260.34000000,0.03855000,10.03610700,1582361275456,False,True
166,121988924,260.34000000,4.33532000,1128.65720880,1582361276312,False,True
167,121988925,260.32000000,0.04395000,11.44106400,1582361276703,True,True
168,121988926,260.32000000,0.10000000,26.03200000,1582361278954,True,True
169,121988927,260.32000000,0.10000000,26.03200000,1582361280273,True,True
170,121988928,260.32000000,0.07683000,20.00038560,1582361280315,True,True
171,121988929,260.32000000,1.17922000,306.97455040,1582361280374,True,True
172,121988930,260.29000000,1.17940000,306.98602600,1582361280396,True,True
173,121988931,260.31000000,0.57564000,149.84484840,1582361280582,False,True
174,121988932,260.29000000,0.10000000,26.02900000,1582361282757,True,True
175,121988933,260.29000000,1.67741000,436.61304890,1582361283011,True,True
176,121988934,260.28000000,1.35417000,352.46336760,1582361283105,False,True
177,121988935,260.24000000,0.04378000,11.39330720,1582361286900,True,True
178,121988936,260.30000000,1.55400000,404.50620000,1582361287481,False,True
179,121988937,260.27000000,0.09950000,25.89686500,1582361287779,True,True
180,121988938,260.24000000,1.56390000,406.98933600,1582361289697,True,True
181,121988939,260.26000000,0.07300000,18.99898000,1582361293221,True,True
182,121988940,260.32000000,0.03924000,10.21495680,1582361293598,False,True
183,121988941,260.32000000,0.10367000,26.98737440,1582361293841,False,True
184,121988942,260.25000000,0.04574000,11.90383500,1582361297094,True,True
185,121988943,260.30000000,0.56730000,147.66819000,1582361300918,False,True
186,121988944,260.32000000,0.16000000,41.65120000,1582361303427,False,True
187,121988945,260.32000000,0.00052000,0.13536640,1582361303875,False,True
188,121988946,260.33000000,0.23754000,61.83878820,1582361303901,False,True
189,121988947,260.32000000,0.10000000,26.03200000,1582361305568,True,True
190,121988948,260.33000000,0.04246000,11.05361180,1582361307275,True,True
191,121988949,260.32000000,0.34500000,89.81040000,1582361308737,True,True
192,121988950,260.33000000,0.50000000,130.16500000,1582361310069,True,True
193,121988951,260.35000000,0.04421000,11.51007350,1582361315462,True,True
194,121988952,260.39000000,1.50000000,390.58500000,1582361319883,False,True
195,121988953,260.39000000,4.50000000,1171.75500000,1582361319901,False,True
196,121988954,260.39000000,1.50000000,390.58500000,1582361319909,False,True
197,121988955,260.39000000,3.00000000,781.17000000,1582361319924,False,True
198,121988956,260.39000000,1.49950000,390.45480500,1582361319931,False,True
199,121988957,260.37000000,0.23208000,60.42666960,1582361319994,True,True
200,121988958,260.39000000,22.91710000,5967.38366900,1582361320067,False,True
201,121988959,260.39000000,11.73692000,3056.17659880,1582361320081,False,True
202,121988960,260.39000000,6.50000000,1692.53500000,1582361320082,False,True
203,121988961,260.39000000,0.50000000,130.19500000,1582361320084,False,True
204,121988962,260.43000000,7.37691000,1921.16867130,1582361320177,False,True
205,121988963,260.44000000,7.66000000,1994.97040000,1582361320559,False,True
206,121988964,260.44000000,0.91100000,237.26084000,1582361320580,True,True
207,121988965,260.45000000,0.75636000,196.99396200,1582361320588,False,True
208,121988966,260.45000000,3.02364000,787.50703800,1582361320694,False,True
209,121988967,260.46000000,1.32800000,345.89088000,1582361320895,True,True
210,121988968,260.47000000,1.73100000,450.87357000,1582361321004,True,True
211,121988969,260.47000000,1.73100000,450.87357000,1582361321748,True,True
212,121988970,260.41000000,1.34835000,351.12382350,1582361322657,True,True
213,121988971,260.40000000,3.96747000,1033.12918800,1582361322657,True,True
214,121988972,260.43000000,2.65500000,691.44165000,1582361325030,True,True
215,121988973,260.43000000,1.39218000,362.56543740,1582361325030,True,True
216,121988974,260.43000000,1.39218000,362.56543740,1582361325030,True,True
217,121988975,260.40000000,3.85964000,1005.05025600,1582361325030,True,True
218,121988976,260.40000000,0.04451000,11.59040400,1582361325642,True,True
219,121988977,260.42000000,0.07343000,19.12264060,1582361338769,False,True
220,121988978,260.36000000,3.00000000,781.08000000,1582361346606,True,True
221,121988979,260.36000000,1.65000000,429.59400000,1582361346628,True,True
222,121988980,260.33000000,0.04345000,11.31133850,1582361350053,True,True
223,121988981,260.36000000,1.73250000,451.07370000,1582361350935,False,True
224,121988982,260.37000000,1.38535000,360.70357950,1582361350935,False,True
225,121988983,260.37000000,1.37973000,359.24030010,1582361350935,False,True
226,121988984,260.40000000,1.73200000,451.01280000,1582361353568,True,True
227,121988985,260.40000000,3.26800000,850.98720000,1582361353568,True,True
228,121988986,260.42000000,0.10000000,26.04200000,1582361357797,True,True
229,121988987,260.43000000,0.04393000,11.44068990,1582361360244,True,True
230,121988988,260.41000000,0.04582000,11.93198620,1582361382637,True,True
231,121988989,260.45000000,3.51810000,916.28914500,1582361385071,False,True
232,121988990,260.43000000,1.73193000,451.04652990,1582361387701,True,True
233,121988991,260.42000000,0.91066000,237.15407720,1582361387701,True,True
234,121988992,260.43000000,6.00000000,1562.58000000,1582361390052,True,True
235,121988993,260.39000000,0.38855000,101.17453450,1582361390232,True,True
236,121988994,260.39000000,7.60999000,1981.56529610,1582361390232,True,True
237,121988995,260.40000000,2.26623000,590.12629200,1582361390369,False,True
238,121988996,260.41000000,0.11169000,29.08519290,1582361390369,False,True
239,121988997,260.33000000,1.46151000,380.47489830,1582361392712,True,True
240,121988998,260.33000000,0.03849000,10.02010170,1582361392712,True,True
241,121988999,260.33000000,2.85000000,741.94050000,1582361392735,True,True
242,121989000,260.33000000,3.00000000,780.99000000,1582361392735,True,True
243,121989001,260.33000000,5.63800000,1467.74054000,1582361392747,True,True
244,121989002,260.31000000,1.73273000,451.04694630,1582361392968,False,True
245,121989003,260.32000000,1.73270000,451.05646400,1582361392968,False,True
246,121989004,260.32000000,6.31768000,1644.61845760,1582361392968,False,True
247,121989005,260.24000000,0.10000000,26.02400000,1582361393142,True,True
248,121989006,260.30000000,1.13300000,294.91990000,1582361393165,False,True
249,121989007,260.29000000,0.06800000,17.69972000,1582361393276,False,True
250,121989008,260.28000000,1.73307000,451.08345960,1582361393476,False,True
251,121989009,260.28000000,0.26693000,69.47654040,1582361393580,False,True
252,121989010,260.24000000,0.11598000,30.18263520,1582361400189,True,True
253,121989011,260.24000000,5.88402000,1531.25736480,1582361402433,True,True
254,121989012,260.23000000,28.58806000,7439.47085380,1582361402433,True,True
255,121989013,260.23000000,5.55339000,1445.15867970,1582361402518,True,True
256,121989014,260.21000000,0.20000000,52.04200000,1582361402940,False,True
257,121989015,260.20000000,1.73366000,451.09833200,1582361403055,False,True
258,121989016,260.20000000,0.76634000,199.40166800,1582361403149,False,True
259,121989017,260.18000000,0.14999000,39.02439820,1582361404304,False,True
260,121989018,260.16000000,2.35001000,611.37860160,1582361404933,False,True
261,121989019,260.16000000,0.26581000,69.15312960,1582361404940,False,True
262,121989020,260.14000000,9.00000000,2341.26000000,1582361407876,True,True
263,121989021,260.14000000,3.96300000,1030.93482000,1582361408021,True,True
264,121989022,260.14000000,0.54700000,142.29658000,1582361408040,True,True
265,121989023,260.13000000,0.10000000,26.01300000,1582361408069,True,True
266,121989024,260.13000000,0.56600000,147.23358000,1582361408110,True,True
267,121989025,260.12000000,1.67000000,434.40040000,1582361408639,True,True
268,121989026,260.13000000,0.34930000,90.86340900,1582361408698,False,True
269,121989027,260.12000000,4.00000000,1040.48000000,1582361408729,True,True
270,121989028,260.12000000,1.50000000,390.18000000,1582361408751,True,True
271,121989029,260.12000000,0.43000000,111.85160000,1582361408835,True,True
272,121989030,260.12000000,0.12153000,31.61238360,1582361408990,False,True
273,121989031,260.12000000,0.35342000,91.93161040,1582361409033,False,True
274,121989032,260.11000000,0.07688000,19.99725680,1582361409048,True,True
275,121989033,260.10000000,0.04225000,10.98922500,1582361409057,True,True
276,121989034,260.09000000,0.03375000,8.77803750,1582361409057,True,True
277,121989035,260.11000000,2.10755000,548.19483050,1582361409182,False,True
278,121989036,260.12000000,0.47658000,123.96798960,1582361409182,False,True
279,121989037,260.12000000,0.11675000,30.36901000,1582361409887,False,True
280,121989038,260.12000000,0.21572000,56.11308640,1582361410681,False,True
281,121989039,260.12000000,1.07887000,280.63566440,1582361410681,False,True
282,121989040,260.10000000,1.73400000,451.01340000,1582361410856,True,True
283,121989041,260.12000000,2.08600000,542.61032000,1582361412695,False,True
284,121989042,260.15000000,0.04363000,11.35034450,1582361413181,False,True
285,121989043,260.15000000,0.05071000,13.19220650,1582361413409,False,True
286,121989044,260.08000000,0.25000000,65.02000000,1582361418028,True,True
287,121989045,260.08000000,0.66648000,173.33811840,1582361418028,True,True
288,121989046,260.09000000,0.04455000,11.58700950,1582361423379,False,True
289,121989047,260.09000000,1.13709000,295.74573810,1582361424909,False,True
290,121989048,260.12000000,2.72291000,708.28334920,1582361424909,False,True
291,121989049,260.08000000,1.99352000,518.47468160,1582361428490,False,True
292,121989050,260.05000000,0.10000000,26.00500000,1582361429768,True,True
293,121989051,260.08000000,0.04600000,11.96368000,1582361433579,False,True
294,121989052,260.08000000,0.56400000,146.68512000,1582361436052,False,True
295,121989053,260.08000000,0.11272000,29.31621760,1582361436220,False,True
296,121989054,260.08000000,0.35905000,93.38172400,1582361437416,False,True
297,121989055,260.08000000,2.12928000,553.78314240,1582361437790,False,True
298,121989056,260.08000000,0.03878000,10.08590240,1582361438215,False,True
299,121989057,260.08000000,0.08202000,21.33176160,1582361439191,False,True
300,121989058,260.08000000,1.50000000,390.12000000,1582361440938,False,True
301,121989059,260.08000000,4.50000000,1170.36000000,1582361440956,False,True
302,121989060,260.08000000,3.00000000,780.24000000,1582361440965,False,True
303,121989061,260.08000000,1.50000000,390.12000000,1582361440977,False,True
304,121989062,260.08000000,1.50000000,390.12000000,1582361440982,False,True
305,121989063,260.08000000,0.50000000,130.04000000,1582361440993,False,True
306,121989064,260.08000000,1.50000000,390.12000000,1582361440994,False,True
307,121989065,260.08000000,13.06382000,3397.63830560,1582361440997,False,True
308,121989066,260.19000000,3.79000000,986.12010000,1582361441247,False,True
309,121989067,260.22000000,3.74000000,973.22280000,1582361441485,False,True
310,121989068,260.23000000,0.31800000,82.75314000,1582361441563,False,True
311,121989069,260.26000000,0.47510000,123.64952600,1582361441606,False,True
312,121989070,260.31000000,0.72577000,188.92518870,1582361441606,False,True
313,121989071,260.35000000,2.64363000,688.26907050,1582361441606,False,True
314,121989072,260.22000000,0.61251000,159.38735220,1582361441737,True,True
315,121989073,260.25000000,1.73303000,451.02105750,1582361442172,True,True
316,121989074,260.24000000,2.51399000,654.24075760,1582361442172,True,True
317,121989075,260.24000000,0.75298000,195.95551520,1582361442172,True,True
318,121989076,260.27000000,0.04388000,11.42064760,1582361443739,False,True
319,121989077,260.27000000,0.36500000,94.99855000,1582361445008,False,True
320,121989078,260.27000000,0.29998000,78.07579460,1582361446037,False,True
321,121989079,260.25000000,0.08200000,21.34050000,1582361447506,True,True
322,121989080,260.27000000,1.58700000,413.04849000,1582361448829,False,True
323,121989081,260.29000000,0.14700000,38.26263000,1582361453133,False,True
324,121989082,260.24000000,0.10000000,26.02400000,1582361453285,True,True
325,121989083,260.27000000,0.19656000,51.15867120,1582361453537,False,True
326,121989084,260.27000000,0.82200000,213.94194000,1582361453560,False,True
327,121989085,260.26000000,0.04343000,11.30309180,1582361453939,False,True
328,121989086,260.24000000,0.10000000,26.02400000,1582361455297,True,True
329,121989087,260.24000000,0.07684000,19.99684160,1582361455811,True,True
330,121989088,260.24000000,0.23755000,61.82001200,1582361456507,True,True
331,121989089,260.24000000,1.50000000,390.36000000,1582361457201,True,True
332,121989090,260.24000000,0.50000000,130.12000000,1582361457205,True,True
333,121989091,260.24000000,0.50000000,130.12000000,1582361457222,True,True
334,121989092,260.24000000,2.74863000,715.30347120,1582361457229,True,True
335,121989093,260.17000000,0.41500000,107.97055000,1582361457659,False,True
336,121989094,260.15000000,0.17800000,46.30670000,1582361458285,False,True
337,121989095,260.19000000,0.17800000,46.31382000,1582361459332,False,True
338,121989096,260.18000000,1.22851000,319.63373180,1582361459944,False,True
339,121989097,260.16000000,0.78600000,204.48576000,1582361461457,False,True
340,121989098,260.16000000,1.10100000,286.43616000,1582361462401,False,True
341,121989099,260.16000000,4.00000000,1040.64000000,1582361462505,False,True
342,121989100,260.17000000,3.32600000,865.32542000,1582361463139,False,True
343,121989101,260.15000000,5.34000000,1389.20100000,1582361463354,False,True
344,121989102,260.15000000,0.67200000,174.82080000,1582361463448,False,True
345,121989103,260.15000000,3.32800000,865.77920000,1582361463662,False,True
346,121989104,260.10000000,3.63469000,945.38286900,1582361463691,True,True
347,121989105,260.09000000,7.67329000,1995.74599610,1582361463691,True,True
348,121989106,260.08000000,0.19931000,51.83654480,1582361463691,True,True
349,121989107,260.08000000,1.86230000,484.34698400,1582361463691,True,True
350,121989108,260.13000000,0.67200000,174.80736000,1582361463771,False,True
351,121989109,260.09000000,0.84900000,220.81641000,1582361464083,False,True
352,121989110,260.09000000,0.04261000,11.08243490,1582361464120,False,True
353,121989111,260.07000000,1.72100000,447.58047000,1582361464297,False,True
354,121989112,260.08000000,1.01700000,264.50136000,1582361464405,False,True
355,121989113,260.07000000,1.73400000,450.96138000,1582361464525,False,True
356,121989114,260.08000000,1.88268000,489.64741440,1582361464623,False,True
357,121989115,260.08000000,0.38332000,99.69386560,1582361464623,False,True
358,121989116,260.11000000,3.45200000,897.89972000,1582361464722,False,True
359,121989117,260.11000000,0.00056000,0.14566160,1582361465132,False,True
360,121989118,260.13000000,0.11324000,29.45712120,1582361465132,False,True
361,121989119,260.13000000,0.06047000,15.73006110,1582361465180,False,True
362,121989120,260.11000000,0.54800000,142.54028000,1582361466330,False,True
363,121989121,260.11000000,4.00000000,1040.44000000,1582361466437,False,True
364,121989122,260.16000000,0.07723000,20.09215680,1582361467181,False,True
365,121989123,260.13000000,0.04297000,11.17778610,1582361474321,False,True
366,121989124,260.12000000,4.00500000,1041.78060000,1582361475053,False,True
367,121989125,260.16000000,0.79081000,205.73712960,1582361476435,True,True
368,121989126,260.16000000,0.07687000,19.99849920,1582361479183,True,True
369,121989127,260.16000000,0.10000000,26.01600000,1582361479658,True,True
370,121989128,260.17000000,0.05340000,13.89307800,1582361483093,True,True
371,121989129,260.16000000,0.04607000,11.98557120,1582361484499,True,True
372,121989130,260.16000000,0.98906000,257.31384960,1582361485346,True,True
373,121989131,260.06000000,0.10000000,26.00600000,1582361485490,True,True
374,121989132,260.06000000,0.07687000,19.99081220,1582361485500,True,True
375,121989133,260.07000000,10.00000000,2600.70000000,1582361489572,True,True
376,121989134,260.07000000,1.51347000,393.60814290,1582361489572,True,True
377,121989135,260.07000000,2.13177000,554.40942390,1582361489572,True,True
378,121989136,260.06000000,3.74888000,974.93373280,1582361489572,True,True
379,121989137,260.06000000,2.09808000,545.62668480,1582361489572,True,True
380,121989138,260.05000000,10.00000000,2600.50000000,1582361489572,True,True
381,121989139,260.04000000,0.43000000,111.81720000,1582361489572,True,True
382,121989140,260.03000000,3.76000000,977.71280000,1582361489572,True,True
383,121989141,260.02000000,4.77930000,1242.71358600,1582361489572,True,True
384,121989142,260.02000000,0.38005000,98.82060100,1582361489761,True,True
385,121989143,260.04000000,0.06000000,15.60240000,1582361490776,False,True
386,121989144,260.01000000,0.04243000,11.03222430,1582361494694,True,True
387,121989145,260.06000000,10.00000000,2600.60000000,1582361497715,False,True
388,121989146,260.01000000,1.67334000,435.08513340,1582361498868,True,True
389,121989147,260.00000000,0.50000000,130.00000000,1582361498868,True,True
390,121989148,260.00000000,3.00000000,780.00000000,1582361498868,True,True
391,121989149,260.00000000,0.05000000,13.00000000,1582361498868,True,True
392,121989150,260.00000000,0.10000000,26.00000000,1582361498868,True,True
393,121989151,260.00000000,0.10000000,26.00000000,1582361498868,True,True
394,121989152,260.00000000,0.20000000,52.00000000,1582361498868,True,True
395,121989153,260.00000000,0.20000000,52.00000000,1582361498868,True,True
396,121989154,260.00000000,1.53795000,399.86700000,1582361498868,True,True
397,121989155,260.00000000,9.86736000,2565.51360000,1582361498868,True,True
398,121989156,260.04000000,0.06000000,15.60240000,1582361499096,False,True
399,121989157,260.00000000,0.10000000,26.00000000,1582361499974,True,True
400,121989158,260.04000000,0.06000000,15.60240000,1582361500275,False,True
401,121989159,260.01000000,0.80800000,210.08808000,1582361500797,False,True
402,121989160,260.00000000,10.03264000,2608.48640000,1582361501551,True,True
403,121989161,260.00000000,1.15536000,300.39360000,1582361501551,True,True
404,121989162,260.00000000,7.60000000,1976.00000000,1582361501551,True,True
405,121989163,259.96000000,3.84408000,999.30703680,1582361501551,True,True
406,121989164,259.95000000,2.40366000,624.83141700,1582361501551,True,True
407,121989165,259.94000000,1.32582000,344.63365080,1582361501551,True,True
408,121989166,259.94000000,1.66656000,433.20560640,1582361501551,True,True
409,121989167,260.04000000,0.06000000,15.60240000,1582361501625,False,True
410,121989168,260.02000000,1.85000000,481.03700000,1582361501786,False,True
411,121989169,260.01000000,2.40930000,626.44209300,1582361501942,False,True
412,121989170,259.92000000,0.18693000,48.58684560,1582361505104,True,True
413,121989171,259.97000000,0.80753000,209.93357410,1582361506517,False,True
414,121989172,259.97000000,0.03885000,10.09983450,1582361507301,False,True
415,121989173,259.97000000,0.19174000,49.84664780,1582361508038,False,True
416,121989174,259.92000000,0.10000000,25.99200000,1582361508378,True,True
417,121989175,259.92000000,0.07693000,19.99564560,1582361508856,True,True
418,121989176,259.96000000,0.34300000,89.16628000,1582361509463,False,True
419,121989177,259.92000000,0.86988000,226.09920960,1582361514652,True,True
420,121989178,259.95000000,0.56200000,146.09190000,1582361514676,False,True
421,121989179,259.92000000,2.66282000,692.12017440,1582361515141,True,True
422,121989180,259.95000000,0.23700000,61.60815000,1582361516635,False,True
423,121989181,259.92000000,3.88037000,1008.58577040,1582361517133,True,True
424,121989182,259.92000000,0.11963000,31.09422960,1582361517133,True,True
425,121989183,259.95000000,0.00055000,0.14297250,1582361517343,False,True
426,121989184,259.95000000,0.04345000,11.29482750,1582361517343,False,True
427,121989185,259.94000000,0.56200000,146.08628000,1582361518487,False,True
428,121989186,259.87000000,0.04269000,11.09385030,1582361518918,True,True
429,121989187,259.87000000,0.12270000,31.88604900,1582361518918,True,True
430,121989188,259.95000000,6.56750000,1707.22162500,1582361522079,False,True
431,121989189,259.95000000,0.00003000,0.00779850,1582361522103,False,True
432,121989190,260.00000000,1.73483000,451.05580000,1582361522781,True,True
433,121989191,259.99000000,0.10187000,26.48518130,1582361522781,True,True
434,121989192,259.98000000,1.73490000,451.03930200,1582361522781,True,True
435,121989193,259.97000000,1.42840000,371.34114800,1582361522781,True,True
436,121989194,260.07000000,0.66178000,172.10912460,1582361523565,False,True
437,121989195,260.07000000,0.38000000,98.82660000,1582361523578,False,True
438,121989196,260.07000000,0.45822000,119.16927540,1582361523595,False,True
439,121989197,260.11000000,0.20370000,52.98440700,1582361523595,False,True
440,121989198,260.11000000,1.32462000,344.54690820,1582361523608,False,True
441,121989199,260.07000000,0.11143000,28.97960010,1582361524021,True,True
442,121989200,260.09000000,0.58647000,152.53498230,1582361524081,False,True
443,121989201,260.11000000,1.32546000,344.76540060,1582361524740,False,True
444,121989202,260.11000000,0.66276000,172.39050360,1582361525222,False,True
445,121989203,260.11000000,0.66319000,172.50235090,1582361525227,False,True
446,121989204,260.11000000,5.82027000,1513.91042970,1582361525337,False,True
447,121989205,260.10000000,0.30758000,80.00155800,1582361525498,False,True
448,121989206,260.10000000,9.69242000,2520.99844200,1582361526081,False,True
449,121989207,260.09000000,0.40604000,105.60694360,1582361527642,True,True
450,121989208,260.08000000,0.89387000,232.47770960,1582361527642,True,True
451,121989209,260.11000000,1.73400000,451.03074000,1582361528426,False,True
452,121989210,260.10000000,0.04343000,11.29614300,1582361529089,True,True
453,121989211,260.12000000,5.00000000,1300.60000000,1582361531153,True,True
454,121989212,260.16000000,1.00108000,260.44097280,1582361531921,True,True
455,121989213,260.16000000,1.00066000,260.33170560,1582361532727,True,True
456,121989214,260.17000000,0.42693000,111.07437810,1582361533414,False,True
457,121989215,260.18000000,0.09400000,24.45692000,1582361534109,False,True
458,121989216,260.18000000,0.00011000,0.02861980,1582361535215,False,True
459,121989217,260.19000000,2.29670000,597.57837300,1582361535215,False,True
460,121989218,260.20000000,97.70319000,25422.37003800,1582361535215,False,True
461,121989219,260.20000000,14.76567000,3842.02733400,1582361535237,False,True
462,121989220,260.18000000,1.73360000,451.04804800,1582361535249,True,True
463,121989221,260.17000000,1.26250000,328.46462500,1582361535249,True,True
464,121989222,260.19000000,1.05144000,273.57417360,1582361536138,True,True
465,121989223,260.20000000,0.92100000,239.64420000,1582361536913,False,True
466,121989224,260.20000000,3.32500000,865.16500000,1582361537437,False,True
467,121989225,260.20000000,0.67500000,175.63500000,1582361537756,False,True
468,121989226,260.20000000,3.32500000,865.16500000,1582361537852,False,True
469,121989227,260.20000000,0.67500000,175.63500000,1582361537968,False,True
470,121989228,260.18000000,0.04234000,11.01602120,1582361539273,True,True
471,121989229,260.18000000,4.49942000,1170.65909560,1582361539929,True,True
472,121989230,260.18000000,3.00000000,780.54000000,1582361539943,True,True
473,121989231,260.18000000,0.37624000,97.89012320,1582361539944,True,True
474,121989232,260.18000000,3.32500000,865.09850000,1582361540031,False,True
475,121989233,260.15000000,6.50000000,1690.97500000,1582361540115,True,True
476,121989234,260.15000000,1.09000000,283.56350000,1582361540128,True,True
477,121989235,260.06000000,0.10000000,26.00600000,1582361540274,True,True
478,121989236,260.10000000,0.15463000,40.21926300,1582361540682,False,True
479,121989237,260.11000000,5.00000000,1300.55000000,1582361546116,True,True
480,121989238,260.11000000,1.00379000,261.09581690,1582361546964,True,True
481,121989239,260.11000000,1.00109000,260.39351990,1582361547805,True,True
482,121989240,260.11000000,1.00361000,261.04899710,1582361548654,True,True
483,121989241,260.16000000,0.04358000,11.33777280,1582361549473,False,True
484,121989242,260.11000000,1.00352000,261.02558720,1582361549497,True,True
485,121989243,260.11000000,1.00081000,260.32068910,1582361550351,True,True
486,121989244,260.11000000,0.34239000,89.05906290,1582361551191,True,True
487,121989245,260.11000000,0.65807000,171.17058770,1582361551191,True,True
488,121989246,260.11000000,1.00259000,260.78368490,1582361552041,True,True
489,121989247,260.15000000,0.17262000,44.90709300,1582361553226,False,True
490,121989248,260.07000000,3.41749000,888.78662430,1582361554914,True,True
491,121989249,260.07000000,4.17251000,1085.14467570,1582361554941,True,True
492,121989250,260.06000000,0.10000000,26.00600000,1582361555121,True,True
493,121989251,260.04000000,2.35618000,612.70104720,1582361555386,True,True
494,121989252,260.03000000,0.03902000,10.14637060,1582361555621,False,True
495,121989253,260.01000000,1.28400000,333.85284000,1582361557681,False,True
496,121989254,260.07000000,1.69294000,440.28290580,1582361557681,False,True
497,121989255,260.07000000,0.80306000,208.85181420,1582361557681,False,True
498,121989256,260.05000000,0.04627000,12.03251350,1582361559645,False,True
499,121989257,260.05000000,0.14701000,38.22995050,1582361560164,False,True
