,id,price,qty,quoteQty,time,isBuyerMaker,isBestMatch
0,117494645,225.83000000,5.79995000,1309.80270850,1581156197033,False,True
1,117494646,225.84000000,1.45333000,328.22004720,1581156197033,False,True
2,117494647,225.84000000,2.74672000,620.31924480,1581156197033,False,True
3,117494648,225.76000000,0.07408000,16.72430080,1581156197036,True,True
4,117494649,225.83000000,0.29992000,67.73093360,1581156197247,False,True
5,117494650,225.85000000,18.66583000,4215.67770550,1581156197521,False,True
6,117494651,225.85000000,6.10000000,1377.68500000,1581156197521,False,True
7,117494652,225.86000000,0.13584000,30.68082240,1581156197521,False,True
8,117494653,225.86000000,0.90000000,203.27400000,1581156197521,False,True
9,117494654,225.90000000,0.04462000,10.07965800,1581156197521,False,True
10,117494655,225.90000000,0.04460000,10.07514000,1581156197521,False,True
11,117494656,225.91000000,0.42178000,95.28431980,1581156197521,False,True
12,117494657,225.91000000,6.00000000,1355.46000000,1581156197521,False,True
13,117494658,225.92000000,0.17771000,40.14824320,1581156197521,False,True
14,117494659,225.92000000,0.40248000,90.92828160,1581156197521,False,True
15,117494660,225.92000000,4.42978000,1000.77589760,1581156197521,False,True
16,117494661,225.92000000,10.15711000,2294.69429120,1581156197521,False,True
17,117494662,225.92000000,8.71319000,1968.48388480,1581156197521,False,True
18,117494663,225.94000000,0.50000000,112.97000000,1581156197521,False,True
19,117494664,225.94000000,0.19951000,45.07728940,1581156197521,False,True
20,117494665,225.94000000,10.00000000,2259.40000000,1581156197521,False,True
21,117494666,225.95000000,0.07168000,16.19609600,1581156197521,False,True
22,117494667,225.96000000,1.54662000,349.47425520,1581156197521,False,True
23,117494668,225.96000000,6.19411000,1399.62109560,1581156197521,False,True
24,117494669,225.98000000,6.00000000,1355.88000000,1581156197521,False,True
25,117494670,225.99000000,0.04913000,11.10288870,1581156197521,False,True
26,117494671,225.99000000,0.05000000,11.29950000,1581156197521,False,True
27,117494672,225.99000000,0.71157000,160.80770430,1581156197521,False,True
28,117494673,225.99000000,0.07365000,16.64416350,1581156197521,False,True
29,117494674,225.99000000,8.00000000,1807.92000000,1581156197521,False,True
30,117494675,225.85000000,0.29958000,67.66014300,1581156197709,True,True
31,117494676,225.85000000,0.11521000,26.02017850,1581156197709,True,True
32,117494677,225.86000000,1.65111000,372.91970460,1581156197747,True,True
33,117494678,225.86000000,1.39586000,315.26893960,1581156197747,True,True
34,117494679,225.85000000,0.29761000,67.21521850,1581156197747,True,True
35,117494680,225.85000000,0.48349000,109.19621650,1581156197747,True,True
36,117494681,225.85000000,2.50000000,564.62500000,1581156197781,True,True
37,117494682,225.84000000,0.24400000,55.10496000,1581156197787,True,True
38,117494683,225.88000000,1.65118000,372.96853840,1581156197794,True,True
39,117494684,225.88000000,2.50000000,564.70000000,1581156197800,True,True
40,117494685,225.88000000,0.04500000,10.16460000,1581156197801,True,True
41,117494686,225.88000000,5.80382000,1310.96686160,1581156197810,True,True
42,117494687,225.83000000,3.30994000,747.48375020,1581156197855,True,True
43,117494688,225.83000000,0.13202000,29.81407660,1581156197859,True,True
44,117494689,225.83000000,0.21085000,47.61625550,1581156197880,True,True
45,117494690,225.83000000,3.67054000,828.91804820,1581156197917,True,True
46,117494691,225.82000000,3.31480000,748.54813600,1581156197930,True,True
47,117494692,225.81000000,0.09751000,22.01873310,1581156197930,True,True
48,117494693,225.81000000,2.32749000,525.57051690,1581156197945,True,True
49,117494694,225.81000000,1.51962000,343.14539220,1581156197951,True,True
50,117494695,225.82000000,0.06642000,14.99896440,1581156198000,False,True
51,117494696,225.73000000,0.30499000,68.84539270,1581156198062,True,True
52,117494697,225.76000000,0.10800000,24.38208000,1581156198126,False,True
53,117494698,225.76000000,0.00012000,0.02709120,1581156198311,False,True
54,117494699,225.82000000,0.61868000,139.71031760,1581156198311,False,True
55,117494700,225.83000000,0.46400000,104.78512000,1581156198311,False,True
56,117494701,225.83000000,1.11520000,251.84561600,1581156198311,False,True
57,117494702,225.81000000,3.63051000,819.80546310,1581156198617,False,True
58,117494703,225.82000000,0.67270000,151.90911400,1581156198617,False,True
59,117494704,225.79000000,0.29996000,67.72796840,1581156198901,False,True
60,117494705,225.79000000,0.33800000,76.31702000,1581156198916,False,True
61,117494706,225.74000000,0.04500000,10.15830000,1581156198963,True,True
62,117494707,225.74000000,5.02900000,1135.24646000,1581156199070,True,True
63,117494708,225.73000000,6.64239000,1499.38669470,1581156199093,True,True
64,117494709,225.73000000,3.44417000,777.45249410,1581156199093,True,True
65,117494710,225.73000000,0.50000000,112.86500000,1581156199138,True,True
66,117494711,225.73000000,1.50000000,338.59500000,1581156199147,True,True
67,117494712,225.73000000,0.12268000,27.69255640,1581156199150,True,True
68,117494713,225.71000000,0.04475000,10.10052250,1581156199168,True,True
69,117494714,225.71000000,0.45525000,102.75447750,1581156199168,True,True
70,117494715,225.71000000,0.50000000,112.85500000,1581156199170,True,True
71,117494716,225.72000000,0.33692000,76.04958240,1581156199182,True,True
72,117494717,225.71000000,0.66308000,149.66378680,1581156199182,True,True
73,117494718,225.71000000,2.04267000,461.05104570,1581156199257,True,True
74,117494719,225.61000000,5.66400000,1277.85504000,1581156199444,True,True
75,117494720,225.61000000,2.33599000,527.02270390,1581156199448,True,True
76,117494721,225.60000000,0.04477000,10.10011200,1581156199448,True,True
77,117494722,225.59000000,1.59660000,360.17699400,1581156199448,True,True
78,117494723,225.56000000,0.02264000,5.10667840,1581156199448,True,True
79,117494724,225.56000000,0.17741000,40.01659960,1581156199454,True,True
80,117494725,225.51000000,2.40000000,541.22400000,1581156199454,True,True
81,117494726,225.51000000,1.59701000,360.14172510,1581156199454,True,True
82,117494727,225.51000000,5.22758000,1178.87156580,1581156199454,True,True
83,117494728,225.71000000,0.21972000,49.59300120,1581156199511,False,True
84,117494729,225.70000000,5.79995000,1309.04871500,1581156199556,False,True
85,117494730,225.68000000,0.45045000,101.65755600,1581156199751,False,True
86,117494731,225.59000000,0.24522000,55.31917980,1581156199913,True,True
87,117494732,225.58000000,4.98478000,1124.46667240,1581156199913,True,True
88,117494733,225.66000000,0.45045000,101.64854700,1581156199930,False,True
89,117494734,225.65000000,0.45045000,101.64404250,1581156200032,False,True
90,117494735,225.63000000,0.29990000,67.66643700,1581156200258,False,True
91,117494736,225.57000000,0.06650000,15.00040500,1581156200638,True,True
92,117494737,225.57000000,0.24344000,54.91276080,1581156200638,True,True
93,117494738,225.61000000,0.77124000,173.99945640,1581156200767,False,True
94,117494739,225.61000000,0.88217000,199.02637370,1581156200784,False,True
95,117494740,225.58000000,8.45542000,1907.37364360,1581156200789,True,True
96,117494741,225.59000000,0.04500000,10.15155000,1581156200949,True,True
97,117494742,225.61000000,0.70000000,157.92700000,1581156200981,False,True
98,117494743,225.55000000,0.10750000,24.24662500,1581156201048,False,True
99,117494744,225.55000000,1.27618000,287.84239900,1581156201237,False,True
100,117494745,225.55000000,1.14882000,259.11635100,1581156201265,False,True
101,117494746,225.54000000,1.00000000,225.54000000,1581156201325,True,True
102,117494747,225.60000000,0.04434000,10.00310400,1581156201903,False,True
103,117494748,225.62000000,0.25563000,57.67524060,1581156201903,False,True
104,117494749,225.62000000,2.31937000,523.29625940,1581156201958,False,True
105,117494750,225.62000000,0.05000000,11.28100000,1581156201958,False,True
106,117494751,225.63000000,0.30014000,67.72058820,1581156202090,False,True
107,117494752,225.63000000,2.12486000,479.43216180,1581156202149,False,True
108,117494753,225.70000000,3.44752000,778.10526400,1581156202599,False,True
109,117494754,225.71000000,0.97335000,219.69482850,1581156202599,False,True
110,117494755,225.70000000,3.64095000,821.76241500,1581156202711,False,True
111,117494756,225.71000000,3.68300000,831.28993000,1581156202784,False,True
112,117494757,225.69000000,0.78905000,178.08069450,1581156202790,True,True
113,117494758,225.73000000,0.22368000,50.49128640,1581156203163,False,True
114,117494759,225.75000000,0.07500000,16.93125000,1581156203259,False,True
115,117494760,225.76000000,0.10300000,23.25328000,1581156203259,False,True
116,117494761,225.77000000,0.12196000,27.53490920,1581156203259,False,True
117,117494762,225.77000000,1.00222000,226.27120940,1581156203801,False,True
118,117494763,225.77000000,10.12410000,2285.71805700,1581156203801,False,True
119,117494764,225.73000000,0.07399000,16.70176270,1581156204063,True,True
120,117494765,225.78000000,4.43341000,1000.97530980,1581156204368,False,True
121,117494766,225.79000000,0.17772000,40.12739880,1581156204368,False,True
122,117494767,225.80000000,0.29990000,67.71742000,1581156204943,False,True
123,117494768,225.75000000,0.04430000,10.00072500,1581156205452,False,True
124,117494769,225.80000000,0.98142000,221.60463600,1581156205452,False,True
125,117494770,225.80000000,0.10000000,22.58000000,1581156205452,False,True
126,117494771,225.77000000,0.04890000,11.04015300,1581156205535,True,True
127,117494772,225.80000000,3.41497000,771.10022600,1581156205748,True,True
128,117494773,225.79000000,0.35499000,80.15319210,1581156205748,True,True
129,117494774,225.77000000,1.20000000,270.92400000,1581156205791,True,True
130,117494775,225.83000000,0.29989000,67.72415870,1581156206260,False,True
131,117494776,225.73000000,0.04431000,10.00209630,1581156206580,True,True
132,117494777,225.71000000,0.70945000,160.12995950,1581156206580,True,True
133,117494778,225.71000000,0.44613000,100.69600230,1581156206762,True,True
134,117494779,225.70000000,0.48223000,108.83931100,1581156206762,True,True
135,117494780,225.83000000,0.35361000,79.85574630,1581156206765,False,True
136,117494781,225.83000000,1.95323000,441.09793090,1581156206789,False,True
137,117494782,225.84000000,0.38929000,87.91725360,1581156206789,False,True
138,117494783,225.85000000,0.21128000,47.71758800,1581156206789,False,True
139,117494784,225.86000000,1.53500000,346.69510000,1581156206789,False,True
140,117494785,225.87000000,0.21770000,49.17189900,1581156206789,False,True
141,117494786,225.88000000,0.11202000,25.30307760,1581156206789,False,True
142,117494787,225.72000000,0.20000000,45.14400000,1581156207687,True,True
143,117494788,225.85000000,0.27285000,61.62317250,1581156207941,False,True
144,117494789,225.86000000,0.02701000,6.10047860,1581156207941,False,True
145,117494790,225.84000000,3.70074000,835.77512160,1581156208038,True,True
146,117494791,225.86000000,0.20291000,45.82925260,1581156208110,False,True
147,117494792,225.89000000,0.09694000,21.89777660,1581156208110,False,True
148,117494793,225.89000000,8.71316000,1968.21571240,1581156208387,False,True
149,117494794,225.89000000,2.76800000,625.26352000,1581156208387,False,True
150,117494795,225.91000000,1.57772000,356.42272520,1581156208387,False,True
151,117494796,225.92000000,1.61589000,365.06186880,1581156208387,False,True
152,117494797,225.92000000,7.99999000,1807.35774080,1581156208387,False,True
153,117494798,225.93000000,17.42773000,3937.44703890,1581156208387,False,True
154,117494799,225.94000000,4.75000000,1073.21500000,1581156208387,False,True
155,117494800,225.94000000,5.14751000,1163.02840940,1581156208387,False,True
156,117494801,225.76000000,0.04492000,10.14113920,1581156208409,True,True
157,117494802,225.92000000,0.29982000,67.73533440,1581156209266,False,True
158,117494803,225.79000000,0.04492000,10.14248680,1581156209288,True,True
159,117494804,225.80000000,0.35381000,79.89029800,1581156209665,True,True
160,117494805,225.81000000,3.68212000,831.45951720,1581156209734,True,True
161,117494806,225.80000000,0.97480000,220.10984000,1581156209734,True,True
162,117494807,225.78000000,0.34408000,77.68638240,1581156209734,True,True
163,117494808,225.82000000,0.72325000,163.32431500,1581156209912,True,True
164,117494809,225.88000000,0.71376000,161.22410880,1581156210042,False,True
165,117494810,225.84000000,2.12000000,478.78080000,1581156210505,True,True
166,117494811,225.84000000,1.34079000,302.80401360,1581156210517,True,True
167,117494812,225.83000000,0.50000000,112.91500000,1581156210542,True,True
168,117494813,225.83000000,5.50000000,1242.06500000,1581156210549,True,True
169,117494814,225.83000000,0.42000000,94.84860000,1581156210574,True,True
170,117494815,225.84000000,0.76921000,173.71838640,1581156210606,False,True
171,117494816,225.85000000,1.55167000,350.44466950,1581156210606,False,True
172,117494817,225.82000000,0.72325000,163.32431500,1581156210697,True,True
173,117494818,225.82000000,0.72325000,163.32431500,1581156210796,True,True
174,117494819,225.82000000,0.27675000,62.49568500,1581156210796,True,True
175,117494820,225.83000000,0.42000000,94.84860000,1581156210826,False,True
176,117494821,225.83000000,1.65177000,373.01921910,1581156210847,True,True
177,117494822,225.84000000,10.00000000,2258.40000000,1581156210852,False,True
178,117494823,225.85000000,1.92449000,434.64606650,1581156210852,False,True
179,117494824,225.86000000,0.79675000,179.95395500,1581156210852,False,True
180,117494825,225.87000000,10.00000000,2258.70000000,1581156210852,False,True
181,117494826,225.91000000,4.27876000,966.61467160,1581156210852,False,True
182,117494827,225.82000000,0.44649000,100.82637180,1581156210865,True,True
183,117494828,225.82000000,0.00001000,0.00225820,1581156210867,True,True
184,117494829,225.82000000,0.44649000,100.82637180,1581156210867,True,True
185,117494830,225.90000000,0.29989000,67.74515100,1581156210949,False,True
186,117494831,225.82000000,0.27676000,62.49794320,1581156210952,True,True
187,117494832,225.82000000,0.72325000,163.32431500,1581156210952,True,True
188,117494833,225.82000000,0.72325000,163.32431500,1581156210952,True,True
189,117494834,225.82000000,0.72325000,163.32431500,1581156210952,True,True
190,117494835,225.82000000,0.72325000,163.32431500,1581156210952,True,True
191,117494836,225.82000000,0.72325000,163.32431500,1581156210952,True,True
192,117494837,225.76000000,0.05434000,12.26779840,1581156211353,True,True
193,117494838,225.77000000,3.55730000,803.13162100,1581156211621,True,True
194,117494839,225.76000000,4.89812000,1105.79957120,1581156211621,True,True
195,117494840,225.77000000,2.77756000,627.08972120,1581156211667,True,True
196,117494841,225.74000000,3.59016000,810.44271840,1581156212211,True,True
197,117494842,225.77000000,0.29994000,67.71745380,1581156212264,False,True
198,117494843,225.73000000,0.44120000,99.59207600,1581156212322,True,True
199,117494844,225.73000000,0.05880000,13.27292400,1581156212322,True,True
200,117494845,225.73000000,0.66476000,150.05627480,1581156212333,True,True
201,117494846,225.73000000,0.83524000,188.53872520,1581156212333,True,True
202,117494847,225.77000000,0.44340000,100.10641800,1581156212346,False,True
203,117494848,225.73000000,1.00000000,225.73000000,1581156212466,True,True
204,117494849,225.77000000,0.69762000,157.50166740,1581156212614,False,True
205,117494850,225.80000000,7.11947000,1607.57632600,1581156212614,False,True
206,117494851,225.73000000,1.62300000,366.35979000,1581156212788,True,True
207,117494852,225.73000000,0.37700000,85.10021000,1581156212806,True,True
208,117494853,225.73000000,0.72356000,163.32919880,1581156212984,True,True
209,117494854,225.73000000,0.72356000,163.32919880,1581156212984,True,True
210,117494855,225.73000000,0.55288000,124.80160240,1581156212984,True,True
211,117494856,225.73000000,0.17068000,38.52759640,1581156213029,True,True
212,117494857,225.73000000,0.72356000,163.32919880,1581156213041,True,True
213,117494858,225.73000000,0.72356000,163.32919880,1581156213214,True,True
214,117494859,225.73000000,0.27644000,62.40080120,1581156213214,True,True
215,117494860,225.74000000,7.00000000,1580.18000000,1581156213241,False,True
216,117494861,225.73000000,0.44712000,100.92839760,1581156213272,True,True
217,117494862,225.73000000,0.72356000,163.32919880,1581156213272,True,True
218,117494863,225.73000000,0.72356000,163.32919880,1581156213272,True,True
219,117494864,225.73000000,0.22576000,50.96080480,1581156213272,True,True
220,117494865,225.73000000,0.49780000,112.36839400,1581156213296,True,True
221,117494866,225.72000000,4.75000000,1072.17000000,1581156213312,True,True
222,117494867,225.70000000,0.35395000,79.88651500,1581156213320,True,True
223,117494868,225.70000000,0.64605000,145.81348500,1581156213339,True,True
224,117494869,225.68000000,0.15000000,33.85200000,1581156213636,True,True
225,117494870,225.68000000,1.17932000,266.14893760,1581156213694,True,True
226,117494871,225.66000000,0.78164000,176.38488240,1581156213694,True,True
227,117494872,225.63000000,1.03904000,234.43859520,1581156213694,True,True
228,117494873,225.69000000,0.29993000,67.69120170,1581156213952,False,True
229,117494874,225.69000000,0.30009000,67.72731210,1581156214102,False,True
230,117494875,225.65000000,0.19305000,43.56173250,1581156214500,True,True
231,117494876,225.64000000,0.72395000,163.35207800,1581156214500,True,True
232,117494877,225.64000000,0.00689000,1.55465960,1581156214500,True,True
233,117494878,225.69000000,0.76791000,173.30960790,1581156214535,False,True
234,117494879,225.69000000,0.29993000,67.69120170,1581156215275,False,True
235,117494880,225.69000000,3.88000000,875.67720000,1581156215488,False,True
236,117494881,225.69000000,0.04880000,11.01367200,1581156215847,False,True
237,117494882,225.69000000,10.00000000,2256.90000000,1581156216456,True,True
238,117494883,225.70000000,1.64300000,370.82510000,1581156216505,True,True
239,117494884,225.69000000,0.51800000,116.90742000,1581156216931,False,True
240,117494885,225.69000000,0.29996000,67.69797240,1581156216953,False,True
241,117494886,225.70000000,0.26550000,59.92335000,1581156217496,False,True
242,117494887,225.67000000,1.44800000,326.77016000,1581156217789,True,True
243,117494888,225.70000000,1.00000000,225.70000000,1581156217791,False,True
244,117494889,225.69000000,0.26921000,60.75800490,1581156218189,True,True
245,117494890,225.70000000,0.29997000,67.70322900,1581156218278,False,True
246,117494891,225.70000000,0.79600000,179.65720000,1581156218283,False,True
247,117494892,225.68000000,0.54100000,122.09288000,1581156218650,True,True
248,117494893,225.68000000,0.17700000,39.94536000,1581156218708,True,True
249,117494894,225.69000000,1.65275000,373.00914750,1581156218775,False,True
250,117494895,225.70000000,7.34725000,1658.27432500,1581156218775,False,True
251,117494896,225.65000000,0.17705000,39.95133250,1581156219452,True,True
252,117494897,225.69000000,0.29997000,67.70022930,1581156219966,False,True
253,117494898,225.70000000,0.29994000,67.69645800,1581156220107,False,True
254,117494899,225.66000000,0.35409000,79.90394940,1581156220521,True,True
255,117494900,225.66000000,2.12000000,478.39920000,1581156220811,True,True
256,117494901,225.66000000,2.11000000,476.14260000,1581156220861,True,True
257,117494902,225.66000000,2.12000000,478.39920000,1581156221030,True,True
258,117494903,225.68000000,0.29997000,67.69722960,1581156221274,False,True
259,117494904,225.66000000,1.29591000,292.43505060,1581156221509,True,True
260,117494905,225.65000000,0.17705000,39.95133250,1581156221587,True,True
261,117494906,225.65000000,0.40662000,91.75380300,1581156221596,True,True
262,117494907,225.65000000,0.72390000,163.34803500,1581156221596,True,True
263,117494908,225.65000000,0.17705000,39.95133250,1581156221596,True,True
264,117494909,225.65000000,0.54685000,123.39670250,1581156221614,True,True
265,117494910,225.65000000,0.72390000,163.34803500,1581156221614,True,True
266,117494911,225.65000000,0.72390000,163.34803500,1581156221614,True,True
267,117494912,225.65000000,0.00535000,1.20722750,1581156221614,True,True
268,117494913,225.65000000,0.54685000,123.39670250,1581156221622,True,True
269,117494914,225.65000000,0.17170000,38.74410500,1581156221625,True,True
270,117494915,225.65000000,0.72390000,163.34803500,1581156221649,True,True
271,117494916,225.66000000,5.00000000,1128.30000000,1581156221751,False,True
272,117494917,225.65000000,0.35415000,79.91394750,1581156221777,True,True
273,117494918,225.65000000,0.36975000,83.43408750,1581156221851,True,True
274,117494919,225.65000000,0.72390000,163.34803500,1581156221851,True,True
275,117494920,225.65000000,0.72390000,163.34803500,1581156221851,True,True
276,117494921,225.65000000,0.72390000,163.34803500,1581156221851,True,True
277,117494922,225.64000000,7.51255000,1695.13178200,1581156221851,True,True
278,117494923,225.64000000,1.87166000,422.32136240,1581156221884,True,True
279,117494924,225.62000000,0.06205000,13.99972100,1581156221908,True,True
280,117494925,225.60000000,0.37624000,84.87974400,1581156222087,True,True
281,117494926,225.59000000,10.78600000,2433.21374000,1581156222104,True,True
282,117494927,225.61000000,0.07876000,17.76904360,1581156222185,False,True
283,117494928,225.53000000,0.11616000,26.19756480,1581156222499,True,True
284,117494929,225.57000000,0.05700000,12.85749000,1581156222735,False,True
285,117494930,225.56000000,0.31290000,70.57772400,1581156222813,False,True
286,117494931,225.55000000,0.31900000,71.95045000,1581156222850,False,True
287,117494932,225.54000000,2.22286000,501.34384440,1581156222897,False,True
288,117494933,225.53000000,0.29997000,67.65223410,1581156222972,False,True
289,117494934,225.51000000,0.16983000,38.29836330,1581156223040,True,True
290,117494935,225.51000000,0.57017000,128.57903670,1581156223040,True,True
291,117494936,225.53000000,0.07900000,17.81687000,1581156223047,False,True
292,117494937,225.53000000,1.27404000,287.33424120,1581156223066,False,True
293,117494938,225.54000000,3.72696000,840.57855840,1581156223066,False,True
294,117494939,225.54000000,0.76900000,173.44026000,1581156223121,False,True
295,117494940,225.54000000,0.23300000,52.55082000,1581156223151,False,True
296,117494941,225.54000000,3.04818000,687.48651720,1581156223212,False,True
297,117494942,225.56000000,1.38444000,312.27428640,1581156223212,False,True
298,117494943,225.51000000,0.15420000,34.77364200,1581156223315,True,True
299,117494944,225.51000000,0.72437000,163.35267870,1581156223315,True,True
300,117494945,225.51000000,0.72437000,163.35267870,1581156223315,True,True
301,117494946,225.51000000,0.72437000,163.35267870,1581156223315,True,True
302,117494947,225.51000000,0.72437000,163.35267870,1581156223315,True,True
303,117494948,225.51000000,0.43732000,98.62003320,1581156223315,True,True
304,117494949,225.51000000,0.28705000,64.73264550,1581156223671,True,True
305,117494950,225.51000000,0.34926000,78.76162260,1581156223685,True,True
306,117494951,225.51000000,0.08806000,19.85841060,1581156223685,True,True
307,117494952,225.51000000,0.28705000,64.73264550,1581156223686,True,True
308,117494953,225.51000000,0.34926000,78.76162260,1581156223687,True,True
309,117494954,225.51000000,0.08806000,19.85841060,1581156223697,True,True
310,117494955,225.51000000,0.28705000,64.73264550,1581156223699,True,True
311,117494956,225.51000000,0.34926000,78.76162260,1581156223715,True,True
312,117494957,225.51000000,0.37511000,84.59105610,1581156223739,True,True
313,117494958,225.51000000,0.34926000,78.76162260,1581156223739,True,True
314,117494959,225.51000000,0.37511000,84.59105610,1581156223756,True,True
315,117494960,225.51000000,0.34926000,78.76162260,1581156223759,True,True
316,117494961,225.50000000,57.01850000,12857.67175000,1581156223769,True,True
317,117494962,225.50000000,1.00000000,225.50000000,1581156223769,True,True
318,117494963,225.50000000,14.96601000,3374.83525500,1581156223786,True,True
319,117494964,225.50000000,1.33037000,299.99843500,1581156223786,True,True
320,117494965,225.50000000,0.60318000,136.01709000,1581156223786,True,True
321,117494966,225.49000000,1.00000000,225.49000000,1581156223843,True,True
322,117494967,225.50000000,0.08700000,19.61850000,1581156223882,False,True
323,117494968,225.49000000,0.44093000,99.42530570,1581156223886,True,True
324,117494969,225.48000000,3.55907000,802.49910360,1581156223886,True,True
325,117494970,225.50000000,2.97224000,670.24012000,1581156223942,False,True
326,117494971,225.48000000,7.22693000,1629.52817640,1581156224020,True,True
327,117494972,225.47000000,0.59950000,135.16926500,1581156224025,True,True
328,117494973,225.48000000,0.77000000,173.61960000,1581156224111,False,True
329,117494974,225.45000000,7.82500000,1764.14625000,1581156224229,True,True
330,117494975,225.47000000,1.65440000,373.01756800,1581156224241,False,True
331,117494976,225.44000000,0.50000000,112.72000000,1581156224263,True,True
332,117494977,225.47000000,0.29994000,67.62747180,1581156224291,False,True
333,117494978,225.46000000,0.59560000,134.28397600,1581156224519,False,True
334,117494979,225.46000000,9.40440000,2120.31602400,1581156224601,False,True
335,117494980,225.46000000,7.99999000,1803.67774540,1581156224601,False,True
336,117494981,225.46000000,3.72597000,840.05719620,1581156224601,False,True
337,117494982,225.47000000,7.25654000,1636.13207380,1581156224601,False,True
338,117494983,225.48000000,9.23000000,2081.18040000,1581156224601,False,True
339,117494984,225.49000000,30.50000000,6877.44500000,1581156224601,False,True
340,117494985,225.50000000,6.94076000,1565.14138000,1581156224601,False,True
341,117494986,225.51000000,2.52500000,569.41275000,1581156224601,False,True
342,117494987,225.57000000,2.50000000,563.92500000,1581156224601,False,True
343,117494988,225.57000000,4.47437000,1009.28364090,1581156224601,False,True
344,117494989,225.59000000,1.28392000,289.63951280,1581156224601,False,True
345,117494990,225.59000000,1.28392000,289.63951280,1581156224601,False,True
346,117494991,225.59000000,1.28392000,289.63951280,1581156224601,False,True
347,117494992,225.59000000,1.28392000,289.63951280,1581156224601,False,True
348,117494993,225.59000000,1.28392000,289.63951280,1581156224601,False,True
349,117494994,225.59000000,0.00255000,0.57525450,1581156224601,False,True
350,117494995,225.60000000,93.62000000,21120.67200000,1581156224601,False,True
351,117494996,225.63000000,1.03904000,234.43859520,1581156224601,False,True
352,117494997,225.63000000,8.21028000,1852.48547640,1581156224601,False,True
353,117494998,225.64000000,2.47500000,558.45900000,1581156224601,False,True
354,117494999,225.65000000,16.85917000,3804.27171050,1581156224601,False,True
355,117495000,225.55000000,8.85172000,1996.50544600,1581156225335,False,True
356,117495001,225.51000000,1.09890000,247.81293900,1581156225538,True,True
357,117495002,225.51000000,0.55506000,125.17158060,1581156225571,True,True
358,117495003,225.50000000,0.44494000,100.33397000,1581156225571,True,True
359,117495004,225.50000000,0.76627000,172.79388500,1581156225601,True,True
360,117495005,225.48000000,0.35441000,79.91236680,1581156225810,True,True
361,117495006,225.56000000,0.29989000,67.64318840,1581156225988,False,True
362,117495007,225.56000000,0.29993000,67.65221080,1581156226123,False,True
363,117495008,225.56000000,0.50000000,112.78000000,1581156226501,False,True
364,117495009,225.58000000,1.00000000,225.58000000,1581156226825,False,True
365,117495010,225.58000000,2.69280000,607.44182400,1581156226826,False,True
366,117495011,225.60000000,10.78600000,2433.32160000,1581156226837,False,True
367,117495012,225.61000000,10.00000000,2256.10000000,1581156226848,False,True
368,117495013,225.66000000,0.14065000,31.73907900,1581156226868,False,True
369,117495014,225.66000000,0.00115000,0.25950900,1581156226868,False,True
370,117495015,225.56000000,1.00000000,225.56000000,1581156227013,True,True
371,117495016,225.58000000,0.08392000,18.93067360,1581156227153,True,True
372,117495017,225.61000000,0.29997000,67.67623170,1581156227293,False,True
373,117495018,225.61000000,2.29300000,517.32373000,1581156227399,False,True
374,117495019,225.59000000,0.35434000,79.93556060,1581156227409,True,True
375,117495020,225.65000000,2.50000000,564.12500000,1581156228279,True,True
376,117495021,225.63000000,2.50000000,564.07500000,1581156228279,True,True
377,117495022,225.63000000,0.02500000,5.64075000,1581156228312,True,True
378,117495023,225.61000000,2.47500000,558.38475000,1581156228312,True,True
379,117495024,225.61000000,0.17712000,39.96004320,1581156228405,True,True
380,117495025,225.61000000,2.32288000,524.06495680,1581156228454,True,True
381,117495026,225.59000000,1.06000000,239.12540000,1581156228496,True,True
382,117495027,225.58000000,3.00000000,676.74000000,1581156228512,True,True
383,117495028,225.55000000,0.29994000,67.65146700,1581156228991,False,True
384,117495029,225.55000000,0.47272000,106.62199600,1581156229546,False,True
385,117495030,225.54000000,0.29992000,67.64395680,1581156230298,False,True
386,117495031,225.48000000,0.07119000,16.05192120,1581156230328,True,True
387,117495032,225.54000000,5.50000000,1240.47000000,1581156230812,False,True
388,117495033,225.54000000,0.50000000,112.77000000,1581156230814,False,True
389,117495034,225.54000000,0.99314000,223.99279560,1581156230815,False,True
390,117495035,225.54000000,1.50000000,338.31000000,1581156230818,False,True
391,117495036,225.54000000,1.50686000,339.85720440,1581156230823,False,True
392,117495037,225.58000000,0.35422000,79.90494760,1581156230975,False,True
393,117495038,225.58000000,1.50686000,339.91747880,1581156231197,False,True
394,117495039,225.58000000,0.48413000,109.21004540,1581156231211,False,True
395,117495040,225.56000000,3.35015000,755.65983400,1581156231362,False,True
396,117495041,225.56000000,1.00000000,225.56000000,1581156231831,True,True
397,117495042,225.62000000,3.37800000,762.14436000,1581156231893,False,True
398,117495043,225.63000000,0.38947000,87.87611610,1581156231893,False,True
399,117495044,225.63000000,3.37800000,762.17814000,1581156231904,False,True
400,117495045,225.65000000,3.51356000,792.83481400,1581156231971,False,True
401,117495046,225.66000000,0.04357000,9.83200620,1581156231986,False,True
402,117495047,225.66000000,0.04452000,10.04638320,1581156231986,False,True
403,117495048,225.66000000,0.39831000,89.88263460,1581156231986,False,True
404,117495049,225.66000000,0.29990000,67.67543400,1581156232000,False,True
405,117495050,225.66000000,0.29980000,67.65286800,1581156232131,False,True
406,117495051,225.66000000,0.60700000,136.97562000,1581156232919,False,True
407,117495052,225.63000000,0.18000000,40.61340000,1581156232954,True,True
408,117495053,225.66000000,0.29996000,67.68897360,1581156233301,False,True
409,117495054,225.63000000,0.14810000,33.41580300,1581156233707,True,True
410,117495055,225.63000000,0.19980000,45.08087400,1581156233836,True,True
411,117495056,225.63000000,0.05000000,11.28150000,1581156233944,True,True
412,117495057,225.63000000,2.09000000,471.56670000,1581156233944,True,True
413,117495058,225.63000000,0.10000000,22.56300000,1581156234082,True,True
414,117495059,225.63000000,0.36197000,81.67129110,1581156234154,True,True
415,117495060,225.66000000,0.29996000,67.68897360,1581156235002,False,True
416,117495061,225.63000000,0.22815000,51.47748450,1581156235898,True,True
417,117495062,225.63000000,0.37185000,83.90051550,1581156235898,True,True
418,117495063,225.66000000,0.29996000,67.68897360,1581156236323,False,True
419,117495064,225.63000000,1.44190000,325.33589700,1581156236616,True,True
420,117495065,225.63000000,8.18625000,1847.06358750,1581156236642,True,True
421,117495066,225.63000000,1.70672000,385.08723360,1581156236642,True,True
422,117495067,225.62000000,2.55810000,577.15852200,1581156236694,True,True
423,117495068,225.63000000,2.59300000,585.05859000,1581156236730,False,True
424,117495069,225.63000000,2.31000000,521.20530000,1581156236773,False,True
425,117495070,225.63000000,1.50000000,338.44500000,1581156236784,False,True
426,117495071,225.63000000,4.16572000,939.91140360,1581156236788,False,True
427,117495072,225.63000000,4.61888000,1042.15789440,1581156236810,False,True
428,117495073,225.66000000,30.32811000,6843.84130260,1581156236843,False,True
429,117495074,225.68000000,0.17128000,38.65447040,1581156237053,True,True
430,117495075,225.70000000,0.17698000,39.94438600,1581156237059,False,True
431,117495076,225.70000000,17.25611000,3894.70402700,1581156237097,False,True
432,117495077,225.73000000,0.48430000,109.32103900,1581156237195,False,True
433,117495078,225.74000000,0.16570000,37.40511800,1581156237195,False,True
434,117495079,225.75000000,40.99851000,9255.41363250,1581156237328,False,True
435,117495080,225.76000000,2.50507000,565.54460320,1581156237337,False,True
436,117495081,225.78000000,13.28432000,2999.33376960,1581156237357,False,True
437,117495082,225.78000000,2.50507000,565.59470460,1581156237371,False,True
438,117495083,225.79000000,0.04880000,11.01855200,1581156237473,False,True
439,117495084,225.80000000,0.30507000,68.88480600,1581156237473,False,True
440,117495085,225.80000000,4.66473000,1053.29603400,1581156237519,False,True
441,117495086,225.83000000,1.32843000,299.99934690,1581156237617,False,True
442,117495087,225.79000000,0.54760000,123.64260400,1581156237758,True,True
443,117495088,225.80000000,0.06983000,15.76761400,1581156237806,True,True
444,117495089,225.82000000,0.18879000,42.63255780,1581156237912,True,True
445,117495090,225.89000000,3.13190000,707.46489100,1581156237995,False,True
446,117495091,225.89000000,0.00001000,0.00225890,1581156238024,False,True
447,117495092,225.90000000,0.09318000,21.04936200,1581156238024,False,True
448,117495093,225.91000000,1.65561000,374.01885510,1581156238024,False,True
449,117495094,225.86000000,1.00000000,225.86000000,1581156238133,True,True
450,117495095,225.94000000,0.29958000,67.68710520,1581156238146,False,True
451,117495096,225.88000000,0.16136000,36.44799680,1581156238240,True,True
452,117495097,225.89000000,0.77087000,174.13182430,1581156238317,True,True
453,117495098,225.90000000,0.08400000,18.97560000,1581156238439,True,True
454,117495099,225.90000000,3.45887000,781.35873300,1581156238546,True,True
455,117495100,225.89000000,10.00000000,2258.90000000,1581156238562,True,True
456,117495101,225.82000000,0.23241000,52.48282620,1581156240312,True,True
457,117495102,225.81000000,3.76704000,850.63530240,1581156240324,True,True
458,117495103,225.79000000,0.59893000,135.23240470,1581156240324,True,True
459,117495104,225.80000000,0.17692000,39.94853600,1581156240364,True,True
460,117495105,225.80000000,2.67613000,604.27015400,1581156240371,True,True
461,117495106,225.79000000,3.69422000,834.11793380,1581156240523,True,True
462,117495107,225.79000000,3.70684000,836.96740360,1581156240539,True,True
463,117495108,225.78000000,7.99999000,1806.23774220,1581156240539,True,True
464,117495109,225.76000000,0.35392000,79.90097920,1581156240643,True,True
465,117495110,225.76000000,1.34940000,304.64054400,1581156240644,True,True
466,117495111,225.75000000,9.00000000,2031.75000000,1581156240664,True,True
467,117495112,225.72000000,1.00000000,225.72000000,1581156240674,True,True
468,117495113,225.72000000,0.08855000,19.98750600,1581156240678,True,True
469,117495114,225.72000000,0.51020000,115.16234400,1581156240754,True,True
470,117495115,225.71000000,7.99999000,1805.67774290,1581156240804,True,True
471,117495116,225.67000000,0.16518000,37.27617060,1581156240984,True,True
472,117495117,225.73000000,1.65200000,372.90596000,1581156241016,False,True
473,117495118,225.72000000,0.57079000,128.83871880,1581156241104,False,True
474,117495119,225.73000000,0.41282000,93.18585860,1581156241104,False,True
475,117495120,225.73000000,0.34439000,77.73915470,1581156241104,False,True
476,117495121,225.71000000,0.34494000,77.85640740,1581156241219,False,True
477,117495122,225.71000000,0.10800000,24.37668000,1581156241226,False,True
478,117495123,225.71000000,0.60070000,135.58399700,1581156241226,False,True
479,117495124,225.71000000,0.50631000,114.27923010,1581156241231,False,True
480,117495125,225.67000000,0.38351000,86.54670170,1581156241276,True,True
481,117495126,225.66000000,0.94285000,212.76353100,1581156241276,True,True
482,117495127,225.66000000,2.01687000,455.12688420,1581156241276,True,True
483,117495128,225.64000000,0.36335000,81.98629400,1581156241276,True,True
484,117495129,225.63000000,1.68818000,380.90405340,1581156241276,True,True
485,117495130,225.71000000,2.06508000,466.10920680,1581156241327,False,True
486,117495131,225.70000000,3.51889000,794.21347300,1581156241435,False,True
487,117495132,225.70000000,2.41603000,545.29797100,1581156241542,False,True
488,117495133,225.68000000,0.35394000,79.87717920,1581156241759,False,True
489,117495134,225.68000000,0.00941000,2.12364880,1581156241772,False,True
490,117495135,225.69000000,2.93122000,661.54704180,1581156241772,False,True
491,117495136,225.61000000,0.06000000,13.53660000,1581156242240,True,True
492,117495137,225.62000000,1.32967000,300.00014540,1581156242287,True,True
493,117495138,225.66000000,0.29993000,67.68220380,1581156242336,False,True
494,117495139,225.66000000,0.07193000,16.23172380,1581156242379,False,True
495,117495140,225.66000000,3.66237000,826.45041420,1581156243364,False,True
496,117495141,225.66000000,4.01900000,906.92754000,1581156243382,False,True
497,117495142,225.66000000,4.00000000,902.64000000,1581156243383,False,True
498,117495143,225.66000000,0.30263000,68.29148580,1581156243406,False,True
499,117495144,225.66000000,0.13813000,31.17041580,1581156243406,False,True
