,id,price,qty,quoteQty,time,isBuyerMaker,isBestMatch
0,176507099,402.34000000,1.00155000,402.96362700,1598283542191,False,True
1,176507100,402.34000000,0.13173000,53.00024820,1598283542784,False,True
2,176507101,402.34000000,0.25686000,103.34505240,1598283543626,False,True
3,176507102,402.34000000,0.65501000,263.53672340,1598283543855,False,True
4,176507103,402.34000000,0.06873000,27.65282820,1598283544277,False,True
5,176507104,402.34000000,0.08220000,33.07234800,1598283544608,False,True
6,176507105,402.34000000,0.14638000,58.89452920,1598283544706,False,True
7,176507106,402.34000000,1.16000000,466.71440000,1598283544787,False,True
8,176507107,402.34000000,0.61250000,246.43325000,1598283544793,False,True
9,176507108,402.34000000,2.09549000,843.09944660,1598283544800,False,True
10,176507109,402.34000000,2.73789000,1101.56266260,1598283544801,False,True
11,176507110,402.34000000,0.10764000,43.30787760,1598283544806,False,True
12,176507111,402.34000000,1.00124000,402.83890160,1598283545080,False,True
13,176507112,402.34000000,1.79025000,720.28918500,1598283545534,False,True
14,176507113,402.34000000,0.00008000,0.03218720,1598283546461,False,True
15,176507114,402.36000000,0.30000000,120.70800000,1598283547184,False,True
16,176507115,402.36000000,0.10870000,43.73653200,1598283547500,False,True
17,176507116,402.36000000,1.00419000,404.04588840,1598283548029,False,True
18,176507117,402.35000000,0.12377000,49.79885950,1598283548233,True,True
19,176507118,402.36000000,3.47900000,1399.81044000,1598283549301,False,True
20,176507119,402.35000000,0.50000000,201.17500000,1598283550270,True,True
21,176507120,402.36000000,0.00093000,0.37419480,1598283550983,False,True
22,176507121,402.44000000,1.00542000,404.62122480,1598283550983,False,True
23,176507122,402.43000000,0.02907000,11.69864010,1598283551854,True,True
24,176507123,402.43000000,0.11800000,47.48674000,1598283551864,True,True
25,176507124,402.41000000,0.16000000,64.38560000,1598283553458,False,True
26,176507125,402.40000000,0.03000000,12.07200000,1598283553904,True,True
27,176507126,402.41000000,1.00157000,403.04178370,1598283554015,False,True
28,176507127,402.42000000,0.07000000,28.16940000,1598283554296,True,True
29,176507128,402.35000000,0.03000000,12.07050000,1598283555236,True,True
30,176507129,402.36000000,1.00028000,402.47266080,1598283557068,False,True
31,176507130,402.35000000,0.41474000,166.87063900,1598283557990,True,True
32,176507131,402.35000000,1.49921000,603.20714350,1598283557990,True,True
33,176507132,402.35000000,0.41609000,167.41381150,1598283557990,True,True
34,176507133,402.35000000,4.97061000,1999.92493350,1598283557991,True,True
35,176507134,402.35000000,1.24264000,499.97620400,1598283557996,True,True
36,176507135,402.35000000,2.49039000,1002.00841650,1598283557999,True,True
37,176507136,402.34000000,0.09484000,38.15792560,1598283558011,True,True
38,176507137,402.33000000,2.23520000,899.28801600,1598283558011,True,True
39,176507138,402.33000000,2.49039000,1001.95860870,1598283558011,True,True
40,176507139,402.33000000,3.40146000,1368.50940180,1598283558011,True,True
41,176507140,402.33000000,0.54463000,219.12098790,1598283558013,True,True
42,176507141,402.33000000,2.63537000,1060.28841210,1598283558013,True,True
43,176507142,402.31000000,0.10491000,42.20634210,1598283558023,True,True
44,176507143,402.29000000,0.10180000,40.95312200,1598283558023,True,True
45,176507144,402.28000000,0.50000000,201.14000000,1598283558023,True,True
46,176507145,402.27000000,2.51689000,1012.46934030,1598283558023,True,True
47,176507146,402.27000000,3.69527000,1486.49626290,1598283558025,True,True
48,176507147,402.25000000,2.15585000,867.19066250,1598283558031,True,True
49,176507148,402.25000000,7.30351000,2937.83689750,1598283558035,True,True
50,176507149,402.25000000,1.24300000,499.99675000,1598283558035,True,True
51,176507150,402.25000000,0.45884000,184.56839000,1598283558035,True,True
52,176507151,402.24000000,6.21305000,2499.13723200,1598283558035,True,True
53,176507152,402.24000000,2.71222000,1090.96337280,1598283558035,True,True
54,176507153,402.23000000,1.24258000,499.80295340,1598283558053,True,True
55,176507154,402.23000000,0.11600000,46.65868000,1598283558060,False,True
56,176507155,402.20000000,0.15912000,63.99806400,1598283558106,True,True
57,176507156,402.20000000,1.24316000,499.99895200,1598283558106,True,True
58,176507157,402.18000000,1.24322000,499.99821960,1598283558106,True,True
59,176507158,402.18000000,0.94252000,379.06269360,1598283558106,True,True
60,176507159,402.21000000,0.43254000,173.97191340,1598283558120,False,True
61,176507160,402.21000000,0.13549000,54.49543290,1598283558163,False,True
62,176507161,402.18000000,0.27052000,108.79773360,1598283558198,True,True
63,176507162,402.15000000,1.90000000,764.08500000,1598283558238,True,True
64,176507163,402.13000000,0.29999000,120.63497870,1598283558238,True,True
65,176507164,402.11000000,1.86584000,750.27292240,1598283558238,True,True
66,176507165,402.10000000,0.84681000,340.50230100,1598283558238,True,True
67,176507166,402.14000000,9.69775000,3899.85318500,1598283558384,False,True
68,176507167,402.13000000,4.60449000,1851.60356370,1598283558589,False,True
69,176507168,402.13000000,1.24431000,500.37438030,1598283558589,False,True
70,176507169,402.13000000,0.19999000,80.42197870,1598283558589,False,True
71,176507170,402.13000000,8.07021000,3245.27354730,1598283558589,False,True
72,176507171,402.09000000,0.74610000,299.99934900,1598283558723,True,True
73,176507172,402.06000000,0.22400000,90.06144000,1598283558723,True,True
74,176507173,402.05000000,0.05087000,20.45228350,1598283558723,True,True
75,176507174,402.05000000,0.97903000,393.61901150,1598283558723,True,True
76,176507175,402.12000000,0.18400000,73.99008000,1598283558915,False,True
77,176507176,402.11000000,0.56200000,225.98582000,1598283559115,False,True
78,176507177,402.11000000,1.00000000,402.11000000,1598283559124,False,True
79,176507178,402.11000000,0.53800000,216.33518000,1598283559213,False,True
80,176507179,402.13000000,2.10000000,844.47300000,1598283559533,False,True
81,176507180,402.13000000,0.60103000,241.69219390,1598283559533,False,True
82,176507181,402.13000000,5.15397000,2072.56595610,1598283559533,False,True
83,176507182,402.12000000,0.44700000,179.74764000,1598283559637,False,True
84,176507183,402.11000000,0.09921000,39.89333310,1598283559952,False,True
85,176507184,402.11000000,15.84600000,6371.83506000,1598283560155,False,True
86,176507185,402.11000000,11.20300000,4504.83833000,1598283560258,False,True
87,176507186,402.11000000,0.19700000,79.21567000,1598283560362,False,True
88,176507187,402.10000000,0.42300000,170.08830000,1598283561051,True,True
89,176507188,402.10000000,0.00099000,0.39807900,1598283561323,True,True
90,176507189,402.03000000,1.47443000,592.76509290,1598283561323,True,True
91,176507190,402.03000000,1.63569000,657.59645070,1598283561324,True,True
92,176507191,402.08000000,9.50400000,3821.36832000,1598283561522,False,True
93,176507192,402.05000000,0.04632000,18.62295600,1598283561632,False,True
94,176507193,402.03000000,0.14553000,58.50742590,1598283561727,False,True
95,176507194,402.03000000,0.03000000,12.06090000,1598283561830,False,True
96,176507195,402.03000000,0.02901000,11.66289030,1598283562067,False,True
97,176507196,402.01000000,1.47542000,593.13359420,1598283562889,False,True
98,176507197,402.01000000,0.06798000,27.32863980,1598283564134,False,True
99,176507198,402.02000000,0.06957000,27.96853140,1598283564134,False,True
100,176507199,402.02000000,0.51300000,206.23626000,1598283564976,False,True
101,176507200,402.02000000,1.34343000,540.08572860,1598283565998,False,True
102,176507201,402.02000000,0.46946000,188.73230920,1598283565998,False,True
103,176507202,402.05000000,0.40942000,164.60731100,1598283565998,False,True
104,176507203,402.01000000,0.11304000,45.44321040,1598283566208,True,True
105,176507204,402.02000000,13.41093000,5391.46207860,1598283567885,False,True
106,176507205,402.02000000,4.41132000,1773.43886640,1598283567895,False,True
107,176507206,402.04000000,0.30000000,120.61200000,1598283568113,True,True
108,176507207,402.04000000,0.06000000,24.12240000,1598283568204,True,True
109,176507208,402.04000000,0.06000000,24.12240000,1598283568299,True,True
110,176507209,402.04000000,0.18595000,74.75933800,1598283568992,True,True
111,176507210,402.04000000,0.30000000,120.61200000,1598283569522,True,True
112,176507211,402.05000000,0.60570000,243.52168500,1598283570047,False,True
113,176507212,402.05000000,0.27050000,108.75452500,1598283570102,False,True
114,176507213,402.05000000,1.07400000,431.80170000,1598283570334,False,True
115,176507214,402.05000000,0.00071000,0.28545550,1598283572281,False,True
116,176507215,402.12000000,0.02733000,10.98993960,1598283572281,False,True
117,176507216,402.09000000,2.33610000,939.32244900,1598283572979,False,True
118,176507217,402.16000000,0.51700000,207.91672000,1598283573261,True,True
119,176507218,402.16000000,0.60500000,243.30680000,1598283576297,True,True
120,176507219,402.16000000,0.36500000,146.78840000,1598283576514,True,True
121,176507220,402.16000000,0.84910000,341.47405600,1598283577611,True,True
122,176507221,402.16000000,0.15090000,60.68594400,1598283577611,True,True
123,176507222,402.18000000,0.05999000,24.12677820,1598283578725,True,True
124,176507223,402.19000000,0.33556000,134.95887640,1598283579121,True,True
125,176507224,402.20000000,0.13721000,55.18586200,1598283582459,False,True
126,176507225,402.24000000,0.02978000,11.97870720,1598283582512,False,True
127,176507226,402.24000000,0.11652000,46.86900480,1598283582564,False,True
128,176507227,402.27000000,2.21597000,891.41825190,1598283582570,False,True
129,176507228,402.29000000,0.99700000,401.08313000,1598283582706,True,True
130,176507229,402.31000000,14.41100000,5797.68941000,1598283582800,True,True
131,176507230,402.32000000,3.00000000,1206.96000000,1598283583016,False,True
132,176507231,402.33000000,0.10000000,40.23300000,1598283583039,False,True
133,176507232,402.33000000,0.70000000,281.63100000,1598283583048,False,True
134,176507233,402.32000000,9.58900000,3857.84648000,1598283583130,True,True
135,176507234,402.34000000,0.16143000,64.94974620,1598283583141,False,True
136,176507235,402.35000000,4.72209000,1899.93291150,1598283583141,False,True
137,176507236,402.35000000,0.02900000,11.66815000,1598283583197,False,True
138,176507237,402.34000000,9.22271000,3710.66514140,1598283583243,True,True
139,176507238,402.34000000,15.36800000,6183.16112000,1598283583335,True,True
140,176507239,402.34000000,8.63200000,3472.99888000,1598283583449,True,True
141,176507240,402.34000000,9.77729000,3933.79485860,1598283583556,True,True
142,176507241,402.34000000,4.19640000,1688.37957600,1598283583556,True,True
143,176507242,402.34000000,0.19931000,80.19038540,1598283583556,True,True
144,176507243,402.36000000,0.18013000,72.47710680,1598283584086,True,True
145,176507244,402.36000000,30.00000000,12070.80000000,1598283585538,True,True
146,176507245,402.34000000,0.58000000,233.35720000,1598283585538,True,True
147,176507246,402.34000000,3.60000000,1448.42400000,1598283585538,True,True
148,176507247,402.34000000,2.48633000,1000.35001220,1598283585538,True,True
149,176507248,402.34000000,4.81463000,1937.11823420,1598283585538,True,True
150,176507249,402.34000000,1.23568000,497.16349120,1598283585538,True,True
151,176507250,402.37000000,0.77580000,312.15864600,1598283585684,True,True
152,176507251,402.37000000,0.57300000,230.55801000,1598283585728,True,True
153,176507252,402.38000000,0.18000000,72.42840000,1598283587158,False,True
154,176507253,402.37000000,0.00028000,0.11266360,1598283587596,True,True
155,176507254,402.37000000,0.18008000,72.45878960,1598283587596,True,True
156,176507255,402.37000000,0.81964000,329.79854680,1598283587596,True,True
157,176507256,402.38000000,0.50000000,201.19000000,1598283587611,False,True
158,176507257,402.37000000,0.04000000,16.09480000,1598283588492,True,True
159,176507258,402.37000000,3.59970000,1448.41128900,1598283588749,True,True
160,176507259,402.38000000,0.11000000,44.26180000,1598283588938,True,True
161,176507260,402.42000000,0.90000000,362.17800000,1598283589073,False,True
162,176507261,402.39000000,0.04000000,16.09560000,1598283589097,True,True
163,176507262,402.41000000,1.32400000,532.79084000,1598283589174,True,True
164,176507263,402.42000000,0.35300000,142.05426000,1598283589393,True,True
165,176507264,402.43000000,0.60000000,241.45800000,1598283589497,True,True
166,176507265,402.43000000,13.61900000,5480.69417000,1598283589813,True,True
167,176507266,402.43000000,7.80800000,3142.17344000,1598283589911,True,True
168,176507267,402.44000000,5.00753000,2015.23037320,1598283590566,False,True
169,176507268,402.49000000,0.05055000,20.34586950,1598283590831,False,True
170,176507269,402.53000000,0.04665000,18.77802450,1598283590831,False,True
171,176507270,402.53000000,0.40280000,162.13908400,1598283590831,False,True
172,176507271,402.53000000,0.60000000,241.51800000,1598283590832,False,True
173,176507272,402.53000000,0.49033000,197.37253490,1598283590835,False,True
174,176507273,402.56000000,0.70967000,285.68475520,1598283590835,False,True
175,176507274,402.56000000,4.27700000,1721.74912000,1598283590835,False,True
176,176507275,402.56000000,4.33081000,1743.41087360,1598283590839,False,True
177,176507276,402.56000000,0.66919000,269.38912640,1598283590839,False,True
178,176507277,402.56000000,0.60000000,241.53600000,1598283590840,False,True
179,176507278,402.48000000,0.50000000,201.24000000,1598283590963,True,True
180,176507279,402.52000000,0.12300000,49.50996000,1598283590970,True,True
181,176507280,402.51000000,0.28831000,116.04765810,1598283591425,True,True
182,176507281,402.52000000,0.04270000,17.18760400,1598283591523,False,True
183,176507282,402.52000000,0.00001000,0.00402520,1598283592708,False,True
184,176507283,402.57000000,0.02892000,11.64232440,1598283592708,False,True
185,176507284,402.57000000,29.97108000,12065.45767560,1598283592743,False,True
186,176507285,402.57000000,0.26293000,105.84773010,1598283592743,False,True
187,176507286,402.58000000,1.30000000,523.35400000,1598283593463,False,True
188,176507287,402.58000000,1.00698000,405.39000840,1598283593889,False,True
189,176507288,402.59000000,7.50000000,3019.42500000,1598283594477,False,True
190,176507289,402.59000000,2.50000000,1006.47500000,1598283594481,False,True
191,176507290,402.59000000,8.60300000,3463.48177000,1598283594481,False,True
192,176507291,402.59000000,1.39700000,562.41823000,1598283594498,False,True
193,176507292,402.59000000,0.00934000,3.76019060,1598283594498,False,True
194,176507293,402.59000000,1.24871000,502.71815890,1598283594498,False,True
195,176507294,402.59000000,2.51964000,1014.38186760,1598283594500,False,True
196,176507295,402.59000000,2.76516000,1113.22576440,1598283594501,False,True
197,176507296,402.59000000,3.45715000,1391.81401850,1598283594514,False,True
198,176507297,402.63000000,0.04376000,17.61908880,1598283595198,True,True
199,176507298,402.63000000,5.64590000,2273.20871700,1598283595575,True,True
200,176507299,402.63000000,3.68540000,1483.85260200,1598283595575,True,True
201,176507300,402.64000000,0.02611000,10.51293040,1598283595578,False,True
202,176507301,402.62000000,4.32895000,1742.92184900,1598283596543,False,True
203,176507302,402.61000000,2.57495000,1036.70061950,1598283596614,True,True
204,176507303,402.61000000,2.37505000,956.21888050,1598283596614,True,True
205,176507304,402.62000000,1.00141000,403.18769420,1598283596802,False,True
206,176507305,402.61000000,2.48444000,1000.26038840,1598283597791,True,True
207,176507306,402.60000000,7.74176000,3116.83257600,1598283597791,True,True
208,176507307,402.61000000,1.00112000,403.06092320,1598283599739,False,True
209,176507308,402.59000000,0.30500000,122.78995000,1598283600040,True,True
210,176507309,402.59000000,0.04383000,17.64551970,1598283600189,True,True
211,176507310,402.60000000,4.44157000,1788.17608200,1598283601196,False,True
212,176507311,402.58000000,0.02733000,11.00251140,1598283602608,False,True
213,176507312,402.58000000,1.00049000,402.77726420,1598283602719,False,True
214,176507313,402.58000000,0.02839000,11.42924620,1598283602932,False,True
215,176507314,402.57000000,0.06732000,27.10101240,1598283603462,True,True
216,176507315,402.57000000,0.00010000,0.04025700,1598283603528,True,True
217,176507316,402.52000000,0.16092000,64.77351840,1598283603596,True,True
218,176507317,402.51000000,1.40000000,563.51400000,1598283603596,True,True
219,176507318,402.51000000,0.58000000,233.45580000,1598283603596,True,True
220,176507319,402.51000000,0.09908000,39.88069080,1598283603596,True,True
221,176507320,402.52000000,0.58000000,233.46160000,1598283603658,True,True
222,176507321,402.52000000,0.40000000,161.00800000,1598283603658,True,True
223,176507322,402.52000000,0.60000000,241.51200000,1598283603658,True,True
224,176507323,402.52000000,0.03000000,12.07560000,1598283603658,False,True
225,176507324,402.44000000,1.29467000,521.02699480,1598283603665,True,True
226,176507325,402.48000000,3.72720000,1500.12345600,1598283603672,True,True
227,176507326,402.47000000,0.15683000,63.11937010,1598283603672,True,True
228,176507327,402.49000000,0.10700000,43.06643000,1598283603754,False,True
229,176507328,402.45000000,0.58000000,233.42100000,1598283603829,True,True
230,176507329,402.44000000,1.16533000,468.97540520,1598283603829,True,True
231,176507330,402.44000000,0.24994000,100.58585360,1598283603829,True,True
232,176507331,402.43000000,0.80000000,321.94400000,1598283603829,True,True
233,176507332,402.43000000,1.00000000,402.43000000,1598283603829,True,True
234,176507333,402.43000000,1.00000000,402.43000000,1598283603961,False,True
235,176507334,402.43000000,2.07703000,835.85918290,1598283604095,False,True
236,176507335,402.43000000,1.00099000,402.82840570,1598283605725,False,True
237,176507336,402.42000000,0.05514000,22.18943880,1598283606044,True,True
238,176507337,402.43000000,0.02878000,11.58193540,1598283607632,False,True
239,176507338,402.43000000,7.41930000,2985.74889900,1598283608278,False,True
240,176507339,402.42000000,0.90852000,365.60661840,1598283608620,True,True
241,176507340,402.43000000,1.00056000,402.65536080,1598283608733,False,True
242,176507341,402.43000000,0.02862000,11.51754660,1598283611152,False,True
243,176507342,402.43000000,1.00000000,402.43000000,1598283611262,False,True
244,176507343,402.43000000,1.00167000,403.10205810,1598283611744,False,True
245,176507344,402.42000000,0.04352000,17.51331840,1598283612131,True,True
246,176507345,402.39000000,1.00313000,403.64948070,1598283612131,True,True
247,176507346,402.40000000,0.03000000,12.07200000,1598283612829,False,True
248,176507347,402.40000000,1.00388000,403.96131200,1598283614683,False,True
249,176507348,402.40000000,9.93986000,3999.79966400,1598283616803,False,True
250,176507349,402.39000000,0.05036000,20.26436040,1598283616961,True,True
251,176507350,402.39000000,5.08360000,2045.58980400,1598283616961,True,True
252,176507351,402.38000000,0.46341000,186.46691580,1598283616961,True,True
253,176507352,402.38000000,4.87610000,1962.04511800,1598283616961,True,True
254,176507353,402.36000000,0.68669000,276.29658840,1598283617010,False,True
255,176507354,402.36000000,3.00000000,1207.08000000,1598283617101,False,True
256,176507355,402.36000000,0.03000000,12.07080000,1598283617210,False,True
257,176507356,402.36000000,0.03000000,12.07080000,1598283617320,False,True
258,176507357,402.36000000,0.03000000,12.07080000,1598283617416,False,True
259,176507358,402.36000000,0.03000000,12.07080000,1598283617505,False,True
260,176507359,402.36000000,1.00234000,403.30152240,1598283617600,False,True
261,176507360,402.35000000,0.03000000,12.07050000,1598283618967,False,True
262,176507361,402.35000000,0.04300000,17.30105000,1598283619059,False,True
263,176507362,402.35000000,0.65501000,263.54327350,1598283619267,False,True
264,176507363,402.35000000,0.65501000,263.54327350,1598283619471,False,True
265,176507364,402.35000000,0.16000000,64.37600000,1598283619608,False,True
266,176507365,402.34000000,0.03000000,12.07020000,1598283620125,True,True
267,176507366,402.35000000,0.13721000,55.20644350,1598283620506,False,True
268,176507367,402.35000000,0.86928000,349.75480800,1598283620506,False,True
269,176507368,402.34000000,0.07000000,28.16380000,1598283620565,True,True
270,176507369,402.34000000,0.07000000,28.16380000,1598283621167,True,True
271,176507370,402.36000000,0.02824000,11.36264640,1598283621351,False,True
272,176507371,402.34000000,0.18000000,72.42120000,1598283622073,False,True
273,176507372,402.33000000,0.73000000,293.70090000,1598283622176,False,True
274,176507373,402.32000000,14.09500000,5670.70040000,1598283623114,True,True
275,176507374,402.28000000,0.38895000,156.46680600,1598283623321,False,True
276,176507375,402.27000000,0.35902000,144.42297540,1598283623436,False,True
277,176507376,402.27000000,0.03000000,12.06810000,1598283623517,False,True
278,176507377,402.26000000,2.30343000,926.57775180,1598283623580,True,True
279,176507378,402.26000000,1.00000000,402.26000000,1598283623580,True,True
280,176507379,402.26000000,1.54405000,621.10955300,1598283623580,True,True
281,176507380,402.27000000,0.93084000,374.44900680,1598283623622,False,True
282,176507381,402.25000000,0.02790000,11.22277500,1598283623963,True,True
283,176507382,402.26000000,1.44772000,582.35984720,1598283625255,False,True
284,176507383,402.26000000,0.09107000,36.63381820,1598283626454,False,True
285,176507384,402.26000000,0.48310000,194.33180600,1598283626636,False,True
286,176507385,402.30000000,0.10000000,40.23000000,1598283626666,False,True
287,176507386,402.31000000,0.26306000,105.83166860,1598283626752,False,True
288,176507387,402.31000000,0.23479000,94.45836490,1598283626752,False,True
289,176507388,402.33000000,0.00215000,0.86500950,1598283626752,False,True
290,176507389,402.32000000,0.20000000,80.46400000,1598283626823,False,True
291,176507390,402.33000000,1.96960000,792.42916800,1598283626823,False,True
292,176507391,402.33000000,2.63800000,1061.34654000,1598283626881,False,True
293,176507392,402.33000000,0.30000000,120.69900000,1598283626887,False,True
294,176507393,402.33000000,6.34724000,2553.68506920,1598283626898,False,True
295,176507394,402.33000000,0.05058000,20.34985140,1598283627054,True,True
296,176507395,402.34000000,0.14812000,59.59460080,1598283629230,False,True
297,176507396,402.34000000,5.85677000,2356.41284180,1598283629230,False,True
298,176507397,402.34000000,4.07311000,1638.77507740,1598283629230,False,True
299,176507398,402.36000000,5.14165000,2068.79429400,1598283629547,False,True
300,176507399,402.44000000,0.02874000,11.56612560,1598283629776,False,True
301,176507400,402.44000000,1.00154000,403.05975760,1598283629849,False,True
302,176507401,402.43000000,0.03000000,12.07290000,1598283630518,True,True
303,176507402,402.38000000,1.00122000,402.87090360,1598283632744,False,True
304,176507403,402.37000000,0.10653000,42.86447610,1598283633286,True,True
305,176507404,402.37000000,0.27000000,108.63990000,1598283633940,True,True
306,176507405,402.37000000,0.62497000,251.46917890,1598283633944,True,True
307,176507406,402.30000000,0.03000000,12.06900000,1598283634589,False,True
308,176507407,402.29000000,1.30900000,526.59761000,1598283635380,False,True
309,176507408,402.35000000,0.04025000,16.19458750,1598283636181,False,True
310,176507409,402.32000000,2.05764000,827.82972480,1598283638027,False,True
311,176507410,402.32000000,0.22179000,89.23055280,1598283638027,False,True
312,176507411,402.33000000,0.08572000,34.48772760,1598283638027,False,True
313,176507412,402.35000000,0.02928000,11.78080800,1598283639994,False,True
314,176507413,402.33000000,0.05000000,20.11650000,1598283640249,True,True
315,176507414,402.33000000,0.00008000,0.03218640,1598283640350,True,True
316,176507415,402.29000000,1.23292000,495.99138680,1598283640350,True,True
317,176507416,402.36000000,0.49000000,197.15640000,1598283640880,True,True
318,176507417,402.37000000,0.40000000,160.94800000,1598283641095,False,True
319,176507418,402.37000000,1.25000000,502.96250000,1598283641164,False,True
320,176507419,402.36000000,2.00000000,804.72000000,1598283643811,True,True
321,176507420,402.36000000,1.00000000,402.36000000,1598283643987,True,True
322,176507421,402.37000000,0.00026000,0.10461620,1598283644047,False,True
323,176507422,402.43000000,0.23228000,93.47644040,1598283644047,False,True
324,176507423,402.45000000,0.14084000,56.68105800,1598283644047,False,True
325,176507424,402.40000000,2.33610000,940.04664000,1598283644258,True,True
326,176507425,402.40000000,4.32400000,1739.97760000,1598283644699,True,True
327,176507426,402.38000000,0.03003000,12.08347140,1598283646301,False,True
328,176507427,402.41000000,0.05434000,21.86695940,1598283647755,False,True
329,176507428,402.41000000,0.03002000,12.08034820,1598283648302,False,True
330,176507429,402.39000000,0.11869000,47.75966910,1598283648901,True,True
331,176507430,402.37000000,0.98131000,394.84970470,1598283648901,True,True
332,176507431,402.39000000,5.07000000,2040.11730000,1598283649214,False,True
333,176507432,402.40000000,0.03002000,12.08004800,1598283649306,False,True
334,176507433,402.39000000,2.88900000,1162.50471000,1598283649420,False,True
335,176507434,402.39000000,10.70500000,4307.58495000,1598283649420,False,True
336,176507435,402.39000000,0.05432000,21.85782480,1598283649759,False,True
337,176507436,402.39000000,0.02897000,11.65723830,1598283650210,False,True
338,176507437,402.41000000,0.05432000,21.85891120,1598283650759,False,True
339,176507438,402.41000000,0.18000000,72.43380000,1598283653267,False,True
340,176507439,402.40000000,0.10438000,42.00251200,1598283653645,True,True
341,176507440,402.40000000,0.04000000,16.09600000,1598283654448,True,True
342,176507441,402.41000000,1.30000000,523.13300000,1598283654582,False,True
343,176507442,402.40000000,0.11000000,44.26400000,1598283654597,True,True
344,176507443,402.40000000,0.04000000,16.09600000,1598283654991,True,True
345,176507444,402.40000000,1.90255000,765.58612000,1598283655806,True,True
346,176507445,402.40000000,0.12565000,50.56156000,1598283656421,True,True
347,176507446,402.41000000,0.00041000,0.16498810,1598283657781,False,True
348,176507447,402.48000000,1.68159000,676.80634320,1598283657781,False,True
349,176507448,402.49000000,0.10000000,40.24900000,1598283658011,False,True
350,176507449,402.45000000,4.32689000,1741.35688050,1598283658081,True,True
351,176507450,402.45000000,4.83711000,1946.69491950,1598283658081,True,True
352,176507451,402.44000000,0.03000000,12.07320000,1598283658191,True,True
353,176507452,402.43000000,0.33961000,136.66925230,1598283658757,True,True
354,176507453,402.40000000,0.05213000,20.97711200,1598283659349,False,True
355,176507454,402.45000000,0.31200000,125.56440000,1598283659555,True,True
356,176507455,402.45000000,0.03000000,12.07350000,1598283659672,True,True
357,176507456,402.45000000,0.43700000,175.87065000,1598283659765,True,True
358,176507457,402.46000000,0.02821000,11.35339660,1598283660435,False,True
359,176507458,402.45000000,0.60100000,241.87245000,1598283661254,True,True
360,176507459,402.45000000,0.08378000,33.71726100,1598283662642,True,True
361,176507460,402.45000000,1.35522000,545.40828900,1598283662642,True,True
362,176507461,402.45000000,0.00016000,0.06439200,1598283662842,True,True
363,176507462,402.38000000,0.12600000,50.69988000,1598283663055,False,True
364,176507463,402.38000000,0.48950000,196.96501000,1598283666049,False,True
365,176507464,402.38000000,3.75131000,1509.45211780,1598283667172,False,True
366,176507465,402.38000000,1.44604000,581.85757520,1598283667172,False,True
367,176507466,402.39000000,4.36681000,1757.16067590,1598283667172,False,True
368,176507467,402.39000000,0.43584000,175.37765760,1598283667172,False,True
369,176507468,402.43000000,0.14995000,60.34437850,1598283667514,False,True
370,176507469,402.42000000,0.61600000,247.89072000,1598283667614,True,True
371,176507470,402.42000000,0.12424000,49.99666080,1598283670513,False,True
372,176507471,402.42000000,0.02860000,11.50921200,1598283670633,False,True
373,176507472,402.41000000,0.69794000,280.85803540,1598283671431,True,True
374,176507473,402.41000000,29.30206000,11791.44196460,1598283671673,True,True
375,176507474,402.41000000,2.24377000,902.91548570,1598283671673,True,True
376,176507475,402.41000000,0.33349000,134.19971090,1598283671673,True,True
377,176507476,402.40000000,0.12093000,48.66223200,1598283671673,True,True
378,176507477,402.39000000,0.69781000,280.79176590,1598283671673,True,True
379,176507478,402.38000000,0.10001000,40.24202380,1598283671673,True,True
380,176507479,402.38000000,2.48563000,1000.16779940,1598283671673,True,True
381,176507480,402.37000000,34.71630000,13968.79763100,1598283671673,True,True
382,176507481,402.37000000,0.35392000,142.40679040,1598283676264,True,True
383,176507482,402.37000000,2.52413000,1015.63418810,1598283676267,True,True
384,176507483,402.37000000,3.75802000,1512.11450740,1598283676273,True,True
385,176507484,402.37000000,0.50000000,201.18500000,1598283676273,True,True
386,176507485,402.36000000,0.29802000,119.91132720,1598283676273,True,True
387,176507486,402.36000000,0.90198000,362.92067280,1598283676279,True,True
388,176507487,402.36000000,1.20000000,482.83200000,1598283676279,True,True
389,176507488,402.35000000,0.03728000,14.99960800,1598283676279,True,True
390,176507489,402.35000000,0.29802000,119.90834700,1598283676279,True,True
391,176507490,402.36000000,1.47700000,594.28572000,1598283676310,True,True
392,176507491,402.36000000,0.12300000,49.49028000,1598283676313,True,True
393,176507492,402.35000000,0.50200000,201.97970000,1598283676313,True,True
394,176507493,402.36000000,0.65700000,264.35052000,1598283676337,True,True
395,176507494,402.36000000,1.27700000,513.81372000,1598283676362,True,True
396,176507495,402.35000000,1.60000000,643.76000000,1598283676388,True,True
397,176507496,402.35000000,0.65700000,264.34395000,1598283676388,True,True
398,176507497,402.35000000,0.94300000,379.41605000,1598283676390,True,True
399,176507498,402.35000000,1.60000000,643.76000000,1598283676390,True,True
400,176507499,402.35000000,0.62500000,251.46875000,1598283676396,True,True
401,176507500,402.35000000,0.97500000,392.29125000,1598283676399,True,True
402,176507501,402.34000000,0.65700000,264.33738000,1598283676413,True,True
403,176507502,402.32000000,0.28099000,113.04789680,1598283676424,True,True
404,176507503,402.28000000,0.08400000,33.79152000,1598283676534,False,True
405,176507504,402.27000000,1.24317000,500.08999590,1598283676616,False,True
406,176507505,402.27000000,1.19494000,480.68851380,1598283676616,False,True
407,176507506,402.27000000,0.09937000,39.97356990,1598283676639,False,True
408,176507507,402.26000000,0.59600000,239.74696000,1598283676747,False,True
409,176507508,402.26000000,0.57100000,229.69046000,1598283676952,False,True
410,176507509,402.26000000,15.42600000,6205.26276000,1598283677801,False,True
411,176507510,402.30000000,0.18118000,72.88871400,1598283678063,False,True
412,176507511,402.30000000,0.11382000,45.78978600,1598283678063,False,True
413,176507512,402.25000000,1.00000000,402.25000000,1598283678154,True,True
414,176507513,402.33000000,0.19299000,77.64566670,1598283679156,False,True
415,176507514,402.29000000,0.13721000,55.19821090,1598283679211,True,True
416,176507515,402.29000000,0.02600000,10.45954000,1598283680769,True,True
417,176507516,402.33000000,0.02898000,11.65952340,1598283680842,False,True
418,176507517,402.30000000,0.22715000,91.38244500,1598283681714,False,True
419,176507518,402.28000000,0.02954000,11.88335120,1598283685179,False,True
420,176507519,402.28000000,0.16000000,64.36480000,1598283685702,False,True
421,176507520,402.25000000,0.03000000,12.06750000,1598283686150,True,True
422,176507521,402.25000000,0.07000000,28.15750000,1598283686303,True,True
423,176507522,402.25000000,0.03000000,12.06750000,1598283686748,True,True
424,176507523,402.26000000,0.07835000,31.51707100,1598283687844,False,True
425,176507524,402.26000000,0.04985000,20.05266100,1598283690849,False,True
426,176507525,402.29000000,0.41799000,168.15319710,1598283690849,False,True
427,176507526,402.26000000,0.02874000,11.56095240,1598283691057,False,True
428,176507527,402.26000000,0.20500000,82.46330000,1598283691570,False,True
429,176507528,402.26000000,0.05654000,22.74378040,1598283697569,False,True
430,176507529,402.26000000,0.02735000,11.00181100,1598283701278,False,True
431,176507530,402.26000000,2.01847000,811.94974220,1598283701899,False,True
432,176507531,402.26000000,27.98153000,11255.85025780,1598283701899,False,True
433,176507532,402.25000000,0.11303000,45.46631750,1598283704530,True,True
434,176507533,402.29000000,0.06525000,26.24942250,1598283705709,False,True
435,176507534,402.26000000,1.30300000,524.14478000,1598283710408,False,True
436,176507535,402.26000000,0.02988000,12.01952880,1598283711490,False,True
437,176507536,402.25000000,0.13500000,54.30375000,1598283716268,True,True
438,176507537,402.25000000,0.00078000,0.31375500,1598283716368,True,True
439,176507538,402.23000000,1.96722000,791.27490060,1598283716368,True,True
440,176507539,402.23000000,0.00066000,0.26547180,1598283716395,True,True
441,176507540,402.21000000,0.58116000,233.74836360,1598283716395,True,True
442,176507541,402.19000000,0.11472000,46.13923680,1598283716395,True,True
443,176507542,402.18000000,0.37736000,151.76664480,1598283716472,False,True
444,176507543,402.18000000,1.49770000,602.34498600,1598283716473,False,True
445,176507544,402.12000000,0.25641000,103.10758920,1598283716579,False,True
446,176507545,402.12000000,0.12000000,48.25440000,1598283716659,False,True
447,176507546,402.12000000,0.69363000,278.92249560,1598283716915,False,True
448,176507547,402.11000000,1.00000000,402.11000000,1598283717142,True,True
449,176507548,402.12000000,0.30114000,121.09441680,1598283717196,False,True
450,176507549,402.11000000,0.90000000,361.89900000,1598283717268,True,True
451,176507550,402.10000000,0.04975000,20.00447500,1598283717268,True,True
452,176507551,402.07000000,0.42462000,170.72696340,1598283717304,False,True
453,176507552,402.06000000,0.15900000,63.92754000,1598283717393,False,True
454,176507553,402.04000000,0.13319000,53.54770760,1598283717582,False,True
455,176507554,402.04000000,0.21600000,86.84064000,1598283717611,False,True
456,176507555,402.04000000,13.58548000,5461.90637920,1598283717724,False,True
457,176507556,402.04000000,0.03000000,12.06120000,1598283717814,False,True
458,176507557,402.04000000,0.47263000,190.01616520,1598283717922,False,True
459,176507558,402.04000000,2.33263000,937.81056520,1598283717922,False,True
460,176507559,402.04000000,0.13885000,55.82325400,1598283717953,False,True
461,176507560,402.05000000,0.42294000,170.04302700,1598283718169,False,True
462,176507561,402.06000000,1.77800000,714.86268000,1598283718169,False,True
463,176507562,402.06000000,0.02861000,11.50293660,1598283719715,False,True
464,176507563,402.06000000,0.18000000,72.37080000,1598283720080,False,True
465,176507564,402.03000000,0.04000000,16.08120000,1598283720864,True,True
466,176507565,402.03000000,0.11000000,44.22330000,1598283721027,True,True
467,176507566,402.03000000,0.04000000,16.08120000,1598283721190,True,True
468,176507567,402.06000000,0.16000000,64.32960000,1598283721795,False,True
469,176507568,402.03000000,0.03000000,12.06090000,1598283722288,True,True
470,176507569,402.03000000,0.07000000,28.14210000,1598283722728,True,True
471,176507570,402.03000000,0.07000000,28.14210000,1598283723330,True,True
472,176507571,402.05000000,0.02500000,10.05125000,1598283723704,False,True
473,176507572,402.03000000,1.36182000,547.49249460,1598283726657,True,True
474,176507573,402.01000000,0.13743000,55.24823430,1598283726657,True,True
475,176507574,402.03000000,0.23393000,94.04687790,1598283728657,True,True
476,176507575,402.03000000,1.26532000,508.69659960,1598283728657,True,True
477,176507576,402.03000000,0.05913000,23.77203390,1598283729497,True,True
478,176507577,402.03000000,1.49925000,602.74347750,1598283729657,True,True
479,176507578,402.04000000,0.14254000,57.30678160,1598283729899,False,True
480,176507579,402.09000000,3.10932000,1250.22647880,1598283729899,False,True
481,176507580,402.10000000,9.29259000,3736.55043900,1598283729899,False,True
482,176507581,402.08000000,1.63386000,656.94242880,1598283729908,False,True
483,176507582,402.08000000,0.02739000,11.01297120,1598283729919,False,True
484,176507583,402.08000000,2.48796000,1000.35895680,1598283729974,False,True
485,176507584,402.08000000,11.67123000,4692.76815840,1598283729974,False,True
486,176507585,402.07000000,2.33610000,939.27572700,1598283731872,True,True
487,176507586,402.04000000,2.41509000,970.96278360,1598283731872,True,True
488,176507587,402.04000000,0.06330000,25.44913200,1598283732160,False,True
489,176507588,402.04000000,0.49270000,198.08510800,1598283734479,False,True
490,176507589,402.04000000,1.78010000,715.67140400,1598283734904,False,True
491,176507590,402.05000000,2.88840000,1161.28122000,1598283734904,False,True
492,176507591,402.00000000,1.43530000,576.99060000,1598283735342,True,True
493,176507592,402.04000000,3.87983000,1559.84685320,1598283735412,False,True
494,176507593,402.05000000,1.39963000,562.72124150,1598283736744,False,True
495,176507594,402.05000000,1.32994000,534.70237700,1598283736859,False,True
496,176507595,402.05000000,1.36091000,547.15386550,1598283736952,False,True
497,176507596,402.02000000,0.13656000,54.89985120,1598283737335,True,True
498,176507597,402.04000000,1.35078000,543.06759120,1598283737688,False,True
499,176507598,402.03000000,0.13721000,55.16253630,1598283739204,True,True
