,id,price,qty,quoteQty,time,isBuyerMaker,isBestMatch
0,205260664,469.61000000,0.51074000,239.84861140,1605113687830,False,True
1,205260665,469.52000000,0.12900000,60.56808000,1605113687855,True,True
2,205260666,469.50000000,5.00000000,2347.50000000,1605113688257,False,True
3,205260667,469.50000000,1.00000000,469.50000000,1605113688257,False,True
4,205260668,469.49000000,0.04200000,19.71858000,1605113690820,True,True
5,205260669,469.49000000,0.00058000,0.27230420,1605113690915,True,True
6,205260670,469.47000000,0.97942000,459.80830740,1605113690915,True,True
7,205260671,469.48000000,0.22744000,106.77853120,1605113691025,False,True
8,205260672,469.47000000,3.93500000,1847.36445000,1605113691359,True,True
9,205260673,469.48000000,0.70001000,328.64069480,1605113691845,False,True
10,205260674,469.47000000,0.97841000,459.33414270,1605113692390,True,True
11,205260675,469.47000000,3.73463000,1753.29674610,1605113693364,True,True
12,205260676,469.45000000,0.03370000,15.82046500,1605113693364,True,True
13,205260677,469.43000000,4.02321000,1888.61547030,1605113693364,True,True
14,205260678,469.44000000,0.19680000,92.38579200,1605113693465,False,True
15,205260679,469.44000000,0.63817000,299.58252480,1605113693561,False,True
16,205260680,469.44000000,0.02524000,11.84866560,1605113694331,False,True
17,205260681,469.46000000,0.73446000,344.79959160,1605113695449,True,True
18,205260682,469.46000000,0.26465000,124.24258900,1605113695449,True,True
19,205260683,469.43000000,10.02500000,4706.03575000,1605113695687,False,True
20,205260684,469.43000000,0.65197000,306.05427710,1605113695788,False,True
21,205260685,469.43000000,0.33627000,157.85522610,1605113695892,False,True
22,205260686,469.42000000,0.03127000,14.67876340,1605113696693,True,True
23,205260687,469.40000000,0.04750000,22.29650000,1605113696720,True,True
24,205260688,469.40000000,0.00004000,0.01877600,1605113696729,True,True
25,205260689,469.26000000,5.00000000,2346.30000000,1605113697079,False,True
26,205260690,469.26000000,10.00000000,4692.60000000,1605113697093,False,True
27,205260691,469.27000000,4.69035000,2201.04054450,1605113697103,False,True
28,205260692,469.27000000,9.16082000,4298.89800140,1605113697143,False,True
29,205260693,469.29000000,6.00000000,2815.74000000,1605113697172,False,True
30,205260694,469.29000000,1.60000000,750.86400000,1605113697180,False,True
31,205260695,469.29000000,5.90000000,2768.81100000,1605113697181,False,True
32,205260696,469.35000000,2.71799000,1275.68860650,1605113697181,False,True
33,205260697,469.36000000,6.00000000,2816.16000000,1605113697181,False,True
34,205260698,469.36000000,1.38201000,648.66021360,1605113697181,False,True
35,205260699,469.30000000,0.10648000,49.97106400,1605113697989,False,True
36,205260700,469.29000000,0.20000000,93.85800000,1605113698287,True,True
37,205260701,469.29000000,6.00000000,2815.74000000,1605113698287,True,True
38,205260702,469.29000000,1.19724000,561.85275960,1605113698287,True,True
39,205260703,469.28000000,2.32306000,1090.16559680,1605113698287,True,True
40,205260704,469.27000000,10.05800000,4719.91766000,1605113698287,True,True
41,205260705,469.26000000,1.60000000,750.81600000,1605113698287,True,True
42,205260706,469.26000000,0.50458000,236.77921080,1605113698287,True,True
43,205260707,469.30000000,3.80000000,1783.34000000,1605113698405,False,True
44,205260708,469.30000000,3.23181000,1516.68843300,1605113698437,False,True
45,205260709,469.30000000,0.75480000,354.22764000,1605113699141,False,True
46,205260710,469.29000000,0.20000000,93.85800000,1605113699156,True,True
47,205260711,469.28000000,1.96368000,921.51575040,1605113699916,False,True
48,205260712,469.27000000,2.19642000,1030.71401340,1605113700057,True,True
49,205260713,469.27000000,2.31793000,1087.73501110,1605113700303,True,True
50,205260714,469.28000000,3.79272000,1779.84764160,1605113700351,False,True
51,205260715,469.29000000,0.28093000,131.83763970,1605113700456,False,True
52,205260716,469.29000000,0.84800000,397.95792000,1605113700674,False,True
53,205260717,469.29000000,0.00009000,0.04223610,1605113701166,False,True
54,205260718,469.31000000,0.39991000,187.68176210,1605113701166,False,True
55,205260719,469.31000000,0.40000000,187.72400000,1605113701172,False,True
56,205260720,469.31000000,1.00000000,469.31000000,1605113701172,False,True
57,205260721,469.31000000,6.00000000,2815.86000000,1605113701178,False,True
58,205260722,469.31000000,0.04750000,22.29222500,1605113701185,False,True
59,205260723,469.31000000,0.73446000,344.68942260,1605113701283,False,True
60,205260724,469.39000000,4.27013000,2004.35632070,1605113701612,False,True
61,205260725,469.41000000,0.10660000,50.03910600,1605113701711,False,True
62,205260726,469.41000000,6.11712000,2871.43729920,1605113701928,True,True
63,205260727,469.42000000,0.08164000,38.32344880,1605113702011,False,True
64,205260728,469.45000000,15.00000000,7041.75000000,1605113702140,True,True
65,205260729,469.45000000,1.15200000,540.80640000,1605113702140,True,True
66,205260730,469.43000000,0.37195000,174.60448850,1605113702337,False,True
67,205260731,469.45000000,0.06560000,30.79592000,1605113702492,True,True
68,205260732,469.47000000,0.02460000,11.54896200,1605113702554,False,True
69,205260733,469.46000000,0.03000000,14.08380000,1605113703024,True,True
70,205260734,469.44000000,2.32368000,1090.82833920,1605113704119,False,True
71,205260735,469.45000000,5.00000000,2347.25000000,1605113704661,False,True
72,205260736,469.45000000,2.16353000,1015.66915850,1605113704661,False,True
73,205260737,469.47000000,4.47540000,2101.06603800,1605113704661,False,True
74,205260738,469.47000000,0.76814000,360.61868580,1605113704661,False,True
75,205260739,469.47000000,2.16353000,1015.71242910,1605113704661,False,True
76,205260740,469.47000000,0.09015000,42.32272050,1605113704661,False,True
77,205260741,469.48000000,0.28851000,135.44967480,1605113704661,False,True
78,205260742,469.50000000,0.99900000,469.03050000,1605113704661,False,True
79,205260743,469.50000000,3.06150000,1437.37425000,1605113704661,False,True
80,205260744,469.52000000,3.41067000,1601.37777840,1605113704661,False,True
81,205260745,469.52000000,2.71799000,1276.15066480,1605113704661,False,True
82,205260746,469.53000000,1.19542000,561.28555260,1605113704661,False,True
83,205260747,469.54000000,5.32823000,2501.81711420,1605113704661,False,True
84,205260748,469.54000000,4.61799000,2168.33102460,1605113704661,False,True
85,205260749,469.54000000,0.00793000,3.72345220,1605113704661,False,True
86,205260750,469.52000000,0.05048000,23.70136960,1605113705506,True,True
87,205260751,469.53000000,0.04259000,19.99728270,1605113705703,False,True
88,205260752,469.60000000,7.50000000,3522.00000000,1605113705830,True,True
89,205260753,469.60000000,0.34800000,163.42080000,1605113705830,True,True
90,205260754,469.55000000,0.30701000,144.15654550,1605113706084,False,True
91,205260755,469.53000000,0.20915000,98.20219950,1605113706263,False,True
92,205260756,469.51000000,1.00000000,469.51000000,1605113706444,False,True
93,205260757,469.51000000,0.05885000,27.63066350,1605113706534,False,True
94,205260758,469.51000000,0.23298000,109.38643980,1605113706563,False,True
95,205260759,469.50000000,0.04462000,20.94909000,1605113706611,True,True
96,205260760,469.50000000,0.53538000,251.36091000,1605113706637,True,True
97,205260761,469.50000000,2.44932000,1149.95574000,1605113706637,True,True
98,205260762,469.45000000,5.00000000,2347.25000000,1605113706750,False,True
99,205260763,469.45000000,4.25262000,1996.39245900,1605113706884,False,True
100,205260764,469.45000000,3.30183000,1550.04409350,1605113706984,False,True
101,205260765,469.50000000,0.13533000,63.53743500,1605113707056,False,True
102,205260766,469.51000000,2.06467000,969.38321170,1605113707056,False,True
103,205260767,469.51000000,0.60400000,283.58404000,1605113707091,False,True
104,205260768,469.58000000,3.15000000,1479.17700000,1605113707788,True,True
105,205260769,469.58000000,3.15000000,1479.17700000,1605113707792,True,True
106,205260770,469.58000000,1.20000000,563.49600000,1605113707800,True,True
107,205260771,469.58000000,0.78922000,370.60192760,1605113707800,True,True
108,205260772,469.57000000,1.38908000,652.27029560,1605113707800,True,True
109,205260773,469.47000000,4.25275000,1996.53854250,1605113707932,False,True
110,205260774,469.50000000,0.10634000,49.92663000,1605113708352,False,True
111,205260775,469.46000000,0.46300000,217.35998000,1605113708789,False,True
112,205260776,469.45000000,0.06691000,31.41089950,1605113708818,True,True
113,205260777,469.46000000,0.10634000,49.92237640,1605113708893,False,True
114,205260778,469.51000000,0.02131000,10.00525810,1605113708974,False,True
115,205260779,469.54000000,0.38272000,179.70234880,1605113709183,False,True
116,205260780,469.55000000,0.73048000,342.99688400,1605113709183,False,True
117,205260781,469.57000000,0.63059000,296.10614630,1605113709183,False,True
118,205260782,469.54000000,0.38272000,179.70234880,1605113709194,False,True
119,205260783,469.56000000,4.74092000,2226.14639520,1605113709340,False,True
120,205260784,469.55000000,0.21600000,101.42280000,1605113709390,True,True
121,205260785,469.55000000,0.89207000,418.87146850,1605113709585,True,True
122,205260786,469.55000000,0.20793000,97.63353150,1605113709585,True,True
123,205260787,469.56000000,1.30005000,610.45147800,1605113709606,False,True
124,205260788,469.55000000,0.02413000,11.33024150,1605113710787,False,True
125,205260789,469.53000000,0.38255000,179.61870150,1605113713295,False,True
126,205260790,469.53000000,0.03541000,16.62605730,1605113713412,False,True
127,205260791,469.49000000,1.30008000,610.37455920,1605113713617,False,True
128,205260792,469.48000000,3.54369000,1663.69158120,1605113713679,False,True
129,205260793,469.47000000,0.13815000,64.85728050,1605113714362,True,True
130,205260794,469.47000000,0.06476000,30.40287720,1605113714438,True,True
131,205260795,469.48000000,4.65000000,2183.08200000,1605113714944,False,True
132,205260796,469.48000000,6.80631000,3195.42641880,1605113714951,False,True
133,205260797,469.48000000,2.18349000,1025.10488520,1605113714951,False,True
134,205260798,469.51000000,2.27448000,1067.89110480,1605113714951,False,True
135,205260799,469.51000000,8.78872000,4126.39192720,1605113714951,False,True
136,205260800,469.51000000,21.00000000,9859.71000000,1605113714955,False,True
137,205260801,469.51000000,0.21128000,99.19807280,1605113714955,False,True
138,205260802,469.52000000,0.13117000,61.58693840,1605113714955,False,True
139,205260803,469.54000000,2.18349000,1025.23589460,1605113714955,False,True
140,205260804,469.54000000,0.56646000,265.97562840,1605113714955,False,True
141,205260805,469.54000000,0.09099000,42.72344460,1605113714955,False,True
142,205260806,469.55000000,0.04278000,20.08734900,1605113714955,False,True
143,205260807,469.55000000,0.72782000,341.74788100,1605113714955,False,True
144,205260808,469.55000000,2.84601000,1336.34399550,1605113714955,False,True
145,205260809,469.55000000,6.00000000,2817.30000000,1605113714962,False,True
146,205260810,469.64000000,0.23100000,108.48684000,1605113715212,True,True
147,205260811,469.65000000,0.25591000,120.18813150,1605113715428,False,True
148,205260812,469.66000000,0.63876000,300.00002160,1605113715428,False,True
149,205260813,469.69000000,3.40000000,1596.94600000,1605113715597,True,True
150,205260814,469.69000000,2.48850000,1168.82356500,1605113715637,True,True
151,205260815,469.69000000,10.61993000,4988.07492170,1605113715637,True,True
152,205260816,469.69000000,4.36998000,2052.53590620,1605113715637,True,True
153,205260817,469.69000000,7.50000000,3522.67500000,1605113715649,True,True
154,205260818,469.67000000,0.08530000,40.06285100,1605113715721,True,True
155,205260819,469.67000000,7.41469000,3482.45745230,1605113715824,True,True
156,205260820,469.68000000,0.63852000,299.90007360,1605113715842,False,True
157,205260821,469.68000000,0.50000000,234.84000000,1605113716135,False,True
158,205260822,469.68000000,2.58637000,1214.76626160,1605113716378,False,True
159,205260823,469.69000000,0.15603000,73.28573070,1605113717636,False,True
160,205260824,469.70000000,0.22407000,105.24567900,1605113717636,False,True
161,205260825,469.72000000,0.04500000,21.13740000,1605113717636,False,True
162,205260826,469.72000000,0.04298000,20.18856560,1605113717636,False,True
163,205260827,469.75000000,0.06021000,28.28364750,1605113717636,False,True
164,205260828,469.75000000,0.04298000,20.18985500,1605113717636,False,True
165,205260829,469.78000000,0.12624000,59.30502720,1605113717636,False,True
166,205260830,469.68000000,0.28749000,135.02830320,1605113718182,True,True
167,205260831,469.70000000,0.02342000,11.00037400,1605113718988,False,True
168,205260832,469.71000000,0.49006000,230.18608260,1605113719028,False,True
169,205260833,469.73000000,0.17912000,84.13803760,1605113719136,False,True
170,205260834,469.79000000,0.43010000,202.05667900,1605113719136,False,True
171,205260835,469.76000000,1.44200000,677.39392000,1605113719397,True,True
172,205260836,469.76000000,4.55800000,2141.16608000,1605113719547,True,True
173,205260837,469.76000000,2.67300000,1255.66848000,1605113719547,True,True
174,205260838,469.72000000,1.29612000,608.81348640,1605113719969,False,True
175,205260839,469.68000000,1.08300000,508.66344000,1605113720394,False,True
176,205260840,469.68000000,1.43503000,674.00489040,1605113720494,False,True
177,205260841,469.70000000,5.76000000,2705.47200000,1605113720589,False,True
178,205260842,469.70000000,2.54971000,1197.59878700,1605113720614,False,True
179,205260843,469.67000000,0.04257000,19.99385190,1605113721888,True,True
180,205260844,469.67000000,0.02690000,12.63412300,1605113721888,True,True
181,205260845,469.63000000,9.50000000,4461.48500000,1605113722096,False,True
182,205260846,469.63000000,20.50000000,9627.41500000,1605113722154,False,True
183,205260847,469.63000000,14.99999000,7044.44530370,1605113722154,False,True
184,205260848,469.64000000,3.46179000,1625.79505560,1605113722198,False,True
185,205260849,469.64000000,9.02017000,4236.23263880,1605113722211,False,True
186,205260850,469.63000000,0.83293000,391.16891590,1605113722259,True,True
187,205260851,469.64000000,0.41923000,196.88717720,1605113722307,False,True
188,205260852,469.63000000,0.59245000,278.23229350,1605113723082,True,True
189,205260853,469.64000000,0.82637000,388.09640680,1605113724254,True,True
190,205260854,469.64000000,0.00654000,3.07144560,1605113724254,True,True
191,205260855,469.64000000,0.89321000,419.48714440,1605113725185,True,True
192,205260856,469.63000000,0.73048000,343.05532240,1605113725259,True,True
193,205260857,469.60000000,0.10243000,48.10112800,1605113725259,True,True
194,205260858,469.60000000,0.12601000,59.17429600,1605113725274,True,True
195,205260859,469.55000000,0.25850000,121.37867500,1605113725274,True,True
196,205260860,469.56000000,7.50000000,3521.70000000,1605113725373,False,True
197,205260861,469.53000000,8.01207000,3761.90722710,1605113725463,True,True
198,205260862,469.54000000,3.30166000,1550.26143640,1605113725492,False,True
199,205260863,469.54000000,3.77900000,1774.39166000,1605113725589,False,True
200,205260864,469.53000000,2.35531000,1105.88870430,1605113725899,True,True
201,205260865,469.53000000,5.66522000,2659.99074660,1605113725899,True,True
202,205260866,469.54000000,0.00012000,0.05634480,1605113726302,False,True
203,205260867,469.58000000,0.14160000,66.49252800,1605113726302,False,True
204,205260868,469.60000000,0.71978000,338.00868800,1605113726302,False,True
205,205260869,469.58000000,0.02212000,10.38710960,1605113726684,True,True
206,205260870,469.58000000,0.00131000,0.61514980,1605113726684,True,True
207,205260871,469.60000000,0.53934000,253.27406400,1605113727038,False,True
208,205260872,469.64000000,1.00845000,473.60845800,1605113727038,False,True
209,205260873,469.65000000,0.02443000,11.47354950,1605113727189,False,True
210,205260874,469.73000000,0.20612000,96.82074760,1605113727532,True,True
211,205260875,469.73000000,14.79387000,6949.12455510,1605113727555,True,True
212,205260876,469.73000000,0.00001000,0.00469730,1605113727565,True,True
213,205260877,469.73000000,0.67602000,317.54687460,1605113727565,True,True
214,205260878,469.67000000,0.71667000,336.59839890,1605113728844,True,True
215,205260879,469.67000000,0.01779000,8.35542930,1605113729256,True,True
216,205260880,469.61000000,0.04256000,19.98660160,1605113729624,False,True
217,205260881,469.62000000,0.17086000,80.23927320,1605113729728,False,True
218,205260882,469.62000000,1.06277000,499.09804740,1605113729838,False,True
219,205260883,469.62000000,6.00000000,2817.72000000,1605113729950,False,True
220,205260884,469.65000000,0.02343000,11.00389950,1605113730049,True,True
221,205260885,469.67000000,0.69888000,328.24296960,1605113730203,False,True
222,205260886,469.67000000,1.40215000,658.54779050,1605113730203,False,True
223,205260887,469.66000000,4.90936000,2305.73001760,1605113730546,True,True
224,205260888,469.66000000,2.71799000,1276.53118340,1605113730883,True,True
225,205260889,469.59000000,0.43723000,205.31883570,1605113730913,False,True
226,205260890,469.59000000,0.83382000,391.55353380,1605113730913,False,True
227,205260891,469.57000000,0.42753000,200.75526210,1605113730938,False,True
228,205260892,469.57000000,0.23100000,108.47067000,1605113731083,False,True
229,205260893,469.57000000,0.23100000,108.47067000,1605113731108,False,True
230,205260894,469.57000000,0.34300000,161.06251000,1605113731213,False,True
231,205260895,469.57000000,1.06277000,499.04490890,1605113731327,False,True
232,205260896,469.57000000,4.70800000,2210.73556000,1605113731532,False,True
233,205260897,469.57000000,1.53175000,719.26384750,1605113732263,False,True
234,205260898,469.59000000,1.06277000,499.06616430,1605113732479,False,True
235,205260899,469.69000000,0.72543000,340.72721670,1605113733001,True,True
236,205260900,469.68000000,0.03788000,17.79147840,1605113733118,False,True
237,205260901,469.68000000,0.03198000,15.02036640,1605113733118,False,True
238,205260902,469.68000000,0.02212000,10.38932160,1605113733118,False,True
239,205260903,469.70000000,2.05442000,964.96107400,1605113733201,False,True
240,205260904,469.70000000,0.07337000,34.46188900,1605113733436,False,True
241,205260905,469.70000000,0.04962000,23.30651400,1605113733436,False,True
242,205260906,469.70000000,0.16513000,77.56156100,1605113733547,False,True
243,205260907,469.70000000,4.83487000,2270.93843900,1605113733547,False,True
244,205260908,469.74000000,0.80000000,375.79200000,1605113734679,False,True
245,205260909,469.73000000,0.74383000,349.39926590,1605113734737,True,True
246,205260910,469.74000000,1.85800000,872.77692000,1605113734817,False,True
247,205260911,469.74000000,4.25028000,1996.52652720,1605113734935,False,True
248,205260912,469.74000000,3.09172000,1452.30455280,1605113735030,False,True
249,205260913,469.74000000,0.34061000,159.99814140,1605113735030,False,True
250,205260914,469.77000000,0.24148000,113.44005960,1605113735133,False,True
251,205260915,469.77000000,0.57647000,270.80831190,1605113735133,False,True
252,205260916,469.77000000,0.02562000,12.03550740,1605113735404,False,True
253,205260917,469.77000000,4.25028000,1996.65403560,1605113735978,False,True
254,205260918,469.77000000,4.25028000,1996.65403560,1605113736099,False,True
255,205260919,469.78000000,0.40840000,191.85815200,1605113736163,True,True
256,205260920,469.79000000,0.12355000,58.04255450,1605113737056,False,True
257,205260921,469.79000000,0.10644000,50.00444760,1605113737084,False,True
258,205260922,469.79000000,0.10627000,49.92458330,1605113737159,False,True
259,205260923,469.79000000,0.30043000,141.13900970,1605113737274,False,True
260,205260924,469.80000000,0.04258000,20.00408400,1605113737278,False,True
261,205260925,469.80000000,1.95742000,919.59591600,1605113737376,False,True
262,205260926,469.81000000,0.05314000,24.96570340,1605113737421,False,True
263,205260927,469.81000000,0.06021000,28.28726010,1605113737421,False,True
264,205260928,469.82000000,0.05314000,24.96623480,1605113737436,False,True
265,205260929,469.83000000,0.94686000,444.86323380,1605113737436,False,True
266,205260930,469.83000000,0.15314000,71.94976620,1605113737469,False,True
267,205260931,469.83000000,0.37449000,175.94663670,1605113737469,False,True
268,205260932,469.83000000,0.29572000,138.93812760,1605113737469,False,True
269,205260933,469.84000000,0.04185000,19.66280400,1605113737538,False,True
270,205260934,469.85000000,3.15815000,1483.85677750,1605113737538,False,True
271,205260935,469.85000000,0.89204000,419.12499400,1605113737564,False,True
272,205260936,469.85000000,0.40354000,189.60326900,1605113737565,False,True
273,205260937,469.85000000,0.21239000,99.79144150,1605113737566,False,True
274,205260938,469.85000000,0.21239000,99.79144150,1605113737574,False,True
275,205260939,469.85000000,0.12149000,57.08207650,1605113737622,False,True
276,205260940,469.89000000,0.05797000,27.23952330,1605113737622,False,True
277,205260941,469.90000000,0.22408000,105.29519200,1605113737622,False,True
278,205260942,469.90000000,0.18082000,84.96731800,1605113737622,False,True
279,205260943,469.90000000,0.05797000,27.24010300,1605113737622,False,True
280,205260944,469.91000000,0.82307000,386.76882370,1605113737622,False,True
281,205260945,469.89000000,0.29228000,137.33944920,1605113737675,False,True
282,205260946,469.91000000,0.23988000,112.72201080,1605113737675,False,True
283,205260947,469.90000000,0.41079000,193.03022100,1605113737762,True,True
284,205260948,469.90000000,0.13533000,63.59156700,1605113737846,True,True
285,205260949,469.90000000,0.23100000,108.54690000,1605113737905,True,True
286,205260950,469.90000000,2.18572000,1027.06982800,1605113738428,True,True
287,205260951,469.90000000,4.81428000,2262.23017200,1605113738428,True,True
288,205260952,469.91000000,0.10644000,50.01722040,1605113738514,False,True
289,205260953,469.90000000,0.98000000,460.50200000,1605113738582,True,True
290,205260954,469.91000000,0.10900000,51.22019000,1605113740728,False,True
291,205260955,469.91000000,1.05105000,493.89890550,1605113740731,False,True
292,205260956,469.91000000,8.39895000,3946.75059450,1605113740731,False,True
293,205260957,469.91000000,0.00005000,0.02349550,1605113740765,False,True
294,205260958,469.92000000,0.03000000,14.09760000,1605113740994,False,True
295,205260959,469.92000000,0.05218000,24.52042560,1605113740994,False,True
296,205260960,469.92000000,1.56751000,736.60429920,1605113741051,True,True
297,205260961,469.94000000,0.22209000,104.36897460,1605113741138,True,True
298,205260962,469.97000000,3.04000000,1428.70880000,1605113741175,False,True
299,205260963,469.96000000,0.08450000,39.71162000,1605113741308,True,True
300,205260964,469.93000000,1.36286000,640.44879980,1605113741855,False,True
301,205260965,469.93000000,1.17700000,553.10761000,1605113742825,True,True
302,205260966,469.93000000,0.62185000,292.22597050,1605113742825,True,True
303,205260967,469.90000000,0.50572000,237.63782800,1605113743160,True,True
304,205260968,469.88000000,2.00845000,943.73048600,1605113743606,False,True
305,205260969,469.88000000,0.02432000,11.42748160,1605113743628,False,True
306,205260970,469.88000000,0.56182000,263.98798160,1605113744214,False,True
307,205260971,469.88000000,5.31162000,2495.82400560,1605113744374,False,True
308,205260972,469.89000000,0.73046000,343.23584940,1605113744668,False,True
309,205260973,469.89000000,0.73048000,343.24524720,1605113744668,False,True
310,205260974,469.97000000,2.38699000,1121.81369030,1605113745052,False,True
311,205260975,469.97000000,3.61301000,1698.00630970,1605113745052,False,True
312,205260976,469.97000000,2.12319000,997.83560430,1605113745845,False,True
313,205260977,469.97000000,0.08479000,39.84875630,1605113745849,False,True
314,205260978,469.97000000,30.00000000,14099.10000000,1605113745849,False,True
315,205260979,469.99000000,0.10628000,49.95053720,1605113745849,False,True
316,205260980,469.99000000,2.38699000,1121.86143010,1605113745849,False,True
317,205260981,469.99000000,4.27927000,2011.21410730,1605113745849,False,True
318,205260982,470.00000000,0.02130000,10.01100000,1605113745849,False,True
319,205260983,470.00000000,0.13603000,63.93410000,1605113745849,False,True
320,205260984,470.00000000,19.75816000,9286.33520000,1605113745849,False,True
321,205260985,470.00000000,15.77327000,7413.43690000,1605113745850,False,True
322,205260986,470.00000000,0.16700000,78.49000000,1605113745979,False,True
323,205260987,470.00000000,0.16700000,78.49000000,1605113745982,False,True
324,205260988,470.00000000,1.44100000,677.27000000,1605113745989,False,True
325,205260989,470.00000000,0.89800000,422.06000000,1605113745995,False,True
326,205260990,470.00000000,0.16700000,78.49000000,1605113746011,False,True
327,205260991,470.00000000,0.16700000,78.49000000,1605113746023,False,True
328,205260992,469.99000000,0.02131000,10.01548690,1605113746147,True,True
329,205260993,470.00000000,0.16700000,78.49000000,1605113746166,False,True
330,205260994,470.00000000,4.28400000,2013.48000000,1605113746211,False,True
331,205260995,470.00000000,5.30939000,2495.41330000,1605113746394,False,True
332,205260996,470.00000000,1.01474000,476.92780000,1605113746470,False,True
333,205260997,470.00000000,4.00876000,1884.11720000,1605113746533,False,True
334,205260998,470.00000000,27.61500000,12979.05000000,1605113746859,False,True
335,205260999,470.00000000,2.80000000,1316.00000000,1605113746860,False,True
336,205261000,470.00000000,5.71200000,2684.64000000,1605113746863,False,True
337,205261001,470.00000000,2.03200000,955.04000000,1605113746865,False,True
338,205261002,470.00000000,0.23100000,108.57000000,1605113747059,False,True
339,205261003,470.00000000,50.00000000,23500.00000000,1605113747199,False,True
340,205261004,470.00000000,50.41200000,23693.64000000,1605113747199,False,True
341,205261005,470.00000000,90.00000000,42300.00000000,1605113747200,False,True
342,205261006,470.00000000,12.00000000,5640.00000000,1605113747209,False,True
343,205261007,470.00000000,3.08000000,1447.60000000,1605113747210,False,True
344,205261008,470.00000000,3.15000000,1480.50000000,1605113747216,False,True
345,205261009,470.00000000,3.15000000,1480.50000000,1605113747220,False,True
346,205261010,470.00000000,3.15000000,1480.50000000,1605113747220,False,True
347,205261011,470.00000000,3.15000000,1480.50000000,1605113747223,False,True
348,205261012,470.00000000,4.43986000,2086.73420000,1605113747227,False,True
349,205261013,470.00000000,2.78090000,1307.02300000,1605113747234,False,True
350,205261014,470.00000000,13.82000000,6495.40000000,1605113747236,False,True
351,205261015,470.00000000,1.61000000,756.70000000,1605113747239,False,True
352,205261016,470.00000000,33.95320000,15958.00400000,1605113747263,False,True
353,205261017,470.00000000,0.13400000,62.98000000,1605113747263,False,True
354,205261018,470.00000000,0.36090000,169.62300000,1605113747322,False,True
355,205261019,470.00000000,50.00000000,23500.00000000,1605113747324,False,True
356,205261020,470.00000000,9.45000000,4441.50000000,1605113747345,False,True
357,205261021,470.00000000,3.31672000,1558.85840000,1605113747347,False,True
358,205261022,470.00000000,0.44718000,210.17460000,1605113747347,False,True
359,205261023,470.00000000,6.23504000,2930.46880000,1605113747347,False,True
360,205261024,470.00000000,4.24740000,1996.27800000,1605113747363,False,True
361,205261025,470.00000000,1.06139000,498.85330000,1605113747404,False,True
362,205261026,470.00000000,3.75028000,1762.63160000,1605113747443,False,True
363,205261027,470.00000000,3.61566000,1699.36020000,1605113747443,False,True
364,205261028,470.00000000,2.08406000,979.50820000,1605113747443,False,True
365,205261029,470.00000000,9.45000000,4441.50000000,1605113747443,False,True
366,205261030,470.00000000,6.46594000,3038.99180000,1605113747447,False,True
367,205261031,470.00000000,0.52150000,245.10500000,1605113747447,False,True
368,205261032,470.00000000,2.46256000,1157.40320000,1605113747447,False,True
369,205261033,470.00000000,2.53744000,1192.59680000,1605113747454,False,True
370,205261034,470.00000000,17.02767000,8003.00490000,1605113747454,False,True
371,205261035,470.00000000,2.26451000,1064.31970000,1605113747458,False,True
372,205261036,470.00000000,6.77651000,3184.95970000,1605113747458,False,True
373,205261037,470.00000000,12.39938000,5827.70860000,1605113747458,False,True
374,205261038,470.00000000,3.51217000,1650.71990000,1605113747491,False,True
375,205261039,470.00000000,1.09237000,513.41390000,1605113747491,False,True
376,205261040,470.00000000,5.00000000,2350.00000000,1605113747491,False,True
377,205261041,470.00000000,0.22807000,107.19290000,1605113747491,False,True
378,205261042,470.00000000,0.30074000,141.34780000,1605113747491,False,True
379,205261043,470.02000000,0.04133000,19.42592660,1605113747491,False,True
380,205261044,470.04000000,0.50000000,235.02000000,1605113747491,False,True
381,205261045,470.04000000,0.18812000,88.42392480,1605113747491,False,True
382,205261046,470.07000000,0.04133000,19.42799310,1605113747491,False,True
383,205261047,470.07000000,5.00000000,2350.35000000,1605113747491,False,True
384,205261048,470.07000000,0.98000000,460.66860000,1605113747491,False,True
385,205261049,470.09000000,2.22091000,1044.02758190,1605113747491,False,True
386,205261050,470.09000000,0.49708000,233.67233720,1605113747491,False,True
387,205261051,470.11000000,0.03000000,14.10330000,1605113747491,False,True
388,205261052,470.15000000,0.04133000,19.43129950,1605113747491,False,True
389,205261053,470.15000000,0.04133000,19.43129950,1605113747491,False,True
390,205261054,470.15000000,1.36445000,641.49616750,1605113747491,False,True
391,205261055,470.15000000,0.19767000,92.93455050,1605113747791,False,True
392,205261056,470.15000000,0.89706000,421.75275900,1605113747873,False,True
393,205261057,470.15000000,1.40122000,658.78358300,1605113747891,False,True
394,205261058,470.17000000,0.42537000,199.99621290,1605113747941,False,True
395,205261059,470.19000000,0.29200000,137.29548000,1605113748117,False,True
396,205261060,470.19000000,0.00099000,0.46548810,1605113748178,False,True
397,205261061,470.20000000,0.08408000,39.53441600,1605113748487,False,True
398,205261062,470.20000000,0.48392000,227.53918400,1605113748487,False,True
399,205261063,470.20000000,0.51608000,242.66081600,1605113748500,False,True
400,205261064,470.21000000,0.36019000,169.36493990,1605113748500,False,True
401,205261065,470.20000000,0.17080000,80.31016000,1605113748517,True,True
402,205261066,470.21000000,0.65433000,307.67250930,1605113748525,False,True
403,205261067,470.21000000,0.11090000,52.14628900,1605113748593,False,True
404,205261068,470.23000000,1.33712000,628.75393760,1605113748593,False,True
405,205261069,470.24000000,0.95524000,449.19205760,1605113748593,False,True
406,205261070,470.26000000,0.10000000,47.02600000,1605113748730,False,True
407,205261071,470.27000000,1.17045000,550.42752150,1605113748853,True,True
408,205261072,470.28000000,0.16700000,78.53676000,1605113749053,False,True
409,205261073,470.27000000,3.15000000,1481.35050000,1605113749158,True,True
410,205261074,470.27000000,3.15000000,1481.35050000,1605113749163,True,True
411,205261075,470.27000000,3.15000000,1481.35050000,1605113749164,True,True
412,205261076,470.27000000,3.85560000,1813.17301200,1605113749168,True,True
413,205261077,470.19000000,0.17100000,80.40249000,1605113749272,False,True
414,205261078,470.19000000,0.35200000,165.50688000,1605113749371,False,True
415,205261079,470.19000000,0.43700000,205.47303000,1605113749579,False,True
416,205261080,470.19000000,1.29986000,611.18117340,1605113749685,False,True
417,205261081,470.19000000,0.09884000,46.47357960,1605113749690,False,True
418,205261082,470.19000000,0.10618000,49.92477420,1605113749799,False,True
419,205261083,470.19000000,0.03000000,14.10570000,1605113749820,False,True
420,205261084,470.19000000,2.50512000,1177.88237280,1605113749894,False,True
421,205261085,470.19000000,0.49488000,232.68762720,1605113749894,False,True
422,205261086,470.21000000,11.93385000,5611.41560850,1605113750109,False,True
423,205261087,470.21000000,5.00000000,2351.05000000,1605113750109,False,True
424,205261088,470.21000000,0.89015000,418.55743150,1605113750109,False,True
425,205261089,470.28000000,0.12437000,58.48872360,1605113750487,False,True
426,205261090,470.30000000,0.80406000,378.14941800,1605113750549,False,True
427,205261091,470.30000000,0.19594000,92.15058200,1605113750549,False,True
428,205261092,470.29000000,2.63650000,1239.91958500,1605113750552,True,True
429,205261093,470.29000000,0.10939000,51.44502310,1605113750660,True,True
430,205261094,470.25000000,3.22200000,1515.14550000,1605113750963,False,True
431,205261095,470.23000000,0.10704000,50.33341920,1605113751060,False,True
432,205261096,470.23000000,2.89140000,1359.62302200,1605113751168,False,True
433,205261097,470.23000000,0.09873000,46.42580790,1605113751278,False,True
434,205261098,470.25000000,0.61913000,291.14588250,1605113751594,True,True
435,205261099,470.26000000,0.02446000,11.50255960,1605113751834,False,True
436,205261100,470.25000000,0.01561000,7.34060250,1605113752281,True,True
437,205261101,470.25000000,0.73048000,343.50822000,1605113752281,True,True
438,205261102,470.25000000,2.34122000,1100.95870500,1605113752281,True,True
439,205261103,470.22000000,5.00000000,2351.10000000,1605113752353,False,True
440,205261104,470.22000000,1.87000000,879.31140000,1605113752353,False,True
441,205261105,470.21000000,0.11030000,51.86416300,1605113752360,True,True
442,205261106,470.22000000,3.13000000,1471.78860000,1605113752458,False,True
443,205261107,470.22000000,3.74000000,1758.62280000,1605113752458,False,True
444,205261108,470.19000000,0.12670000,59.57307300,1605113752565,False,True
445,205261109,470.18000000,0.17602000,82.76108360,1605113753019,True,True
446,205261110,470.18000000,5.78838000,2721.58050840,1605113753019,True,True
447,205261111,470.18000000,2.26319000,1064.10667420,1605113753019,True,True
448,205261112,470.18000000,5.00000000,2350.90000000,1605113753019,True,True
449,205261113,470.18000000,19.65729000,9242.46461220,1605113753019,True,True
450,205261114,470.19000000,0.50000000,235.09500000,1605113754246,False,True
451,205261115,470.19000000,0.50000000,235.09500000,1605113754246,False,True
452,205261116,470.19000000,2.31016000,1086.21413040,1605113754246,False,True
453,205261117,470.19000000,5.00000000,2350.95000000,1605113754246,False,True
454,205261118,470.19000000,8.45784000,3976.79178960,1605113754246,False,True
455,205261119,470.19000000,0.16900000,79.46211000,1605113754348,False,True
456,205261120,470.19000000,7.06300000,3320.95197000,1605113754451,False,True
457,205261121,470.18000000,0.69782000,328.10100760,1605113754597,True,True
458,205261122,470.18000000,0.65153000,306.33637540,1605113754597,True,True
459,205261123,470.19000000,4.28371000,2014.15760490,1605113754843,False,True
460,205261124,470.27000000,0.87703000,412.44089810,1605113755223,True,True
461,205261125,470.27000000,3.81171000,1792.53286170,1605113755672,True,True
462,205261126,470.27000000,0.48332000,227.29089640,1605113756209,True,True
463,205261127,470.28000000,0.20000000,94.05600000,1605113756905,False,True
464,205261128,470.28000000,2.13436000,1003.74682080,1605113757018,False,True
465,205261129,470.28000000,0.20439000,96.12052920,1605113757018,False,True
466,205261130,470.27000000,0.08893000,41.82111110,1605113757097,True,True
467,205261131,470.21000000,0.24400000,114.73124000,1605113757830,False,True
468,205261132,470.25000000,0.10515000,49.44678750,1605113757933,False,True
469,205261133,470.25000000,0.62533000,294.06143250,1605113758047,False,True
470,205261134,470.25000000,0.63467000,298.45356750,1605113758047,False,True
471,205261135,470.24000000,0.07114000,33.45287360,1605113758143,True,True
472,205261136,470.24000000,4.92886000,2317.74712640,1605113758146,True,True
473,205261137,470.24000000,1.17029000,550.31716960,1605113758146,True,True
474,205261138,470.24000000,3.90085000,1834.33570400,1605113758146,True,True
475,205261139,470.25000000,0.00007000,0.03291750,1605113758249,False,True
476,205261140,470.25000000,1.43293000,673.83533250,1605113758249,False,True
477,205261141,470.25000000,3.56707000,1677.41466750,1605113758250,False,True
478,205261142,470.28000000,0.34022000,159.99866160,1605113758250,False,True
479,205261143,470.28000000,30.00000000,14108.40000000,1605113758250,False,True
480,205261144,470.28000000,0.05723000,26.91412440,1605113758250,False,True
481,205261145,470.28000000,16.03548000,7541.16553440,1605113758250,False,True
482,205261146,470.25000000,0.04620000,21.72555000,1605113758802,True,True
483,205261147,470.25000000,0.05094000,23.95453500,1605113758869,True,True
484,205261148,470.29000000,0.43591000,205.00411390,1605113759139,True,True
485,205261149,470.29000000,2.16271000,1017.10088590,1605113759410,True,True
486,205261150,470.29000000,30.00000000,14108.70000000,1605113759410,True,True
487,205261151,470.21000000,1.00000000,470.21000000,1605113759598,False,True
488,205261152,470.20000000,0.91744000,431.38028800,1605113759720,False,True
489,205261153,470.20000000,1.72789000,812.45387800,1605113759830,False,True
490,205261154,470.20000000,0.20278000,95.34715600,1605113759982,False,True
491,205261155,470.20000000,0.02471000,11.61864200,1605113760054,False,True
492,205261156,470.25000000,0.29668000,139.51377000,1605113760954,False,True
493,205261157,470.30000000,0.05210000,24.50263000,1605113760954,False,True
494,205261158,470.30000000,0.30000000,141.09000000,1605113760954,False,True
495,205261159,470.30000000,0.56473000,265.59251900,1605113760954,False,True
496,205261160,470.29000000,0.20100000,94.52829000,1605113761138,True,True
497,205261161,470.29000000,0.99800000,469.34942000,1605113761247,True,True
498,205261162,470.29000000,1.43868000,676.59681720,1605113761354,True,True
499,205261163,470.29000000,0.98000000,460.88420000,1605113762254,True,True
