,id,price,qty,quoteQty,time,isBuyerMaker,isBestMatch
0,173947082,427.30000000,2.44945000,1046.64998500,1597666710018,False,True
1,173947083,427.30000000,2.45166000,1047.59431800,1597666710018,False,True
2,173947084,427.31000000,0.40000000,170.92400000,1597666710022,False,True
3,173947085,427.31000000,0.20000000,85.46200000,1597666710022,False,True
4,173947086,427.32000000,3.51824000,1503.41431680,1597666710052,False,True
5,173947087,427.31000000,0.25535000,109.11360850,1597666710071,False,True
6,173947088,427.30000000,0.14404000,61.54829200,1597666710108,True,True
7,173947089,427.34000000,0.20709000,88.49784060,1597666710285,True,True
8,173947090,427.38000000,1.76566000,754.60777080,1597666711151,False,True
9,173947091,427.38000000,0.18722000,80.01408360,1597666711151,False,True
10,173947092,427.38000000,1.84312000,787.71262560,1597666711151,False,True
11,173947093,427.38000000,1.08900000,465.41682000,1597666711153,False,True
12,173947094,427.38000000,0.08274000,35.36142120,1597666712262,True,True
13,173947095,427.38000000,0.15897000,67.94059860,1597666712767,True,True
14,173947096,427.39000000,0.10128000,43.28605920,1597666713813,False,True
15,173947097,427.39000000,0.59867000,255.86557130,1597666713813,False,True
16,173947098,427.38000000,0.03200000,13.67616000,1597666713833,True,True
17,173947099,427.42000000,0.99983000,427.34733860,1597666713912,False,True
18,173947100,427.40000000,0.11987000,51.23243800,1597666713932,True,True
19,173947101,427.42000000,0.02804000,11.98485680,1597666714275,False,True
20,173947102,427.39000000,1.00000000,427.39000000,1597666714514,True,True
21,173947103,427.32000000,0.21246000,90.78840720,1597666717765,True,True
22,173947104,427.32000000,0.45735000,195.43480200,1597666717765,True,True
23,173947105,427.31000000,0.09359000,39.99194290,1597666718165,True,True
24,173947106,427.30000000,0.21423000,91.54047900,1597666718165,True,True
25,173947107,427.30000000,0.89218000,381.22851400,1597666718165,True,True
26,173947108,427.30000000,0.60000000,256.38000000,1597666718174,True,True
27,173947109,427.30000000,0.76899000,328.58942700,1597666718220,True,True
28,173947110,427.30000000,1.93101000,825.12057300,1597666718220,True,True
29,173947111,427.30000000,0.10115000,43.22139500,1597666718228,True,True
30,173947112,427.30000000,1.09885000,469.53860500,1597666718228,True,True
31,173947113,427.30000000,1.04919000,448.31888700,1597666718242,True,True
32,173947114,427.31000000,4.68096000,2000.22101760,1597666718282,False,True
33,173947115,427.31000000,0.14404000,61.54973240,1597666718282,False,True
34,173947116,427.28000000,0.50000000,213.64000000,1597666718289,True,True
35,173947117,427.28000000,0.20000000,85.45600000,1597666718289,True,True
36,173947118,427.26000000,0.10000000,42.72600000,1597666718470,False,True
37,173947119,427.24000000,0.18889000,80.70136360,1597666719636,False,True
38,173947120,427.18000000,2.41662000,1032.33173160,1597666720908,False,True
39,173947121,427.18000000,1.09838000,469.20596840,1597666720908,False,True
40,173947122,427.18000000,0.02636000,11.26046480,1597666724504,False,True
41,173947123,427.15000000,0.09553000,40.80563950,1597666724529,True,True
42,173947124,427.15000000,0.33740000,144.12041000,1597666724529,True,True
43,173947125,427.15000000,0.56707000,242.22395050,1597666724529,True,True
44,173947126,427.19000000,0.06269000,26.78054110,1597666727114,False,True
45,173947127,427.19000000,2.33610000,997.95855900,1597666727694,True,True
46,173947128,427.19000000,1.97960000,845.66532400,1597666727694,True,True
47,173947129,427.19000000,2.31989000,991.03380910,1597666727694,True,True
48,173947130,427.17000000,0.66806000,285.37519020,1597666727694,True,True
49,173947131,427.19000000,0.49899000,213.16353810,1597666728914,False,True
50,173947132,427.23000000,0.26166000,111.78900180,1597666728914,False,True
51,173947133,427.23000000,2.31712000,989.94317760,1597666728914,False,True
52,173947134,427.25000000,2.00000000,854.50000000,1597666728914,False,True
53,173947135,427.25000000,1.14589000,489.58150250,1597666728914,False,True
54,173947136,427.26000000,1.17073000,500.20609980,1597666728914,False,True
55,173947137,427.27000000,0.14900000,63.66323000,1597666728914,False,True
56,173947138,427.27000000,5.00039000,2136.51663530,1597666728914,False,True
57,173947139,427.28000000,5.56114000,2376.16389920,1597666728914,False,True
58,173947140,427.28000000,5.20000000,2221.85600000,1597666728914,False,True
59,173947141,427.28000000,0.43688000,186.67008640,1597666728914,False,True
60,173947142,427.23000000,2.19088000,936.00966240,1597666729057,True,True
61,173947143,427.23000000,0.14522000,62.04234060,1597666729057,True,True
62,173947144,427.23000000,1.97158000,842.31812340,1597666729060,True,True
63,173947145,427.23000000,0.36452000,155.73387960,1597666730480,False,True
64,173947146,427.23000000,0.54478000,232.74635940,1597666730480,False,True
65,173947147,427.22000000,0.67000000,286.23740000,1597666731955,True,True
66,173947148,427.25000000,1.00000000,427.25000000,1597666734520,True,True
67,173947149,427.27000000,0.09360000,39.99247200,1597666734733,False,True
68,173947150,427.34000000,0.14637000,62.54975580,1597666734733,False,True
69,173947151,427.36000000,1.19003000,508.57122080,1597666734733,False,True
70,173947152,427.35000000,0.02661000,11.37178350,1597666734758,False,True
71,173947153,427.35000000,0.95000000,405.98250000,1597666735238,True,True
72,173947154,427.34000000,0.34548000,147.63742320,1597666735291,True,True
73,173947155,427.34000000,1.99062000,850.67155080,1597666735291,True,True
74,173947156,427.32000000,2.40527000,1027.81997640,1597666735291,True,True
75,173947157,427.31000000,0.22644000,96.76007640,1597666735291,True,True
76,173947158,427.30000000,7.26577000,3104.66352100,1597666735291,True,True
77,173947159,427.32000000,0.16153000,69.02499960,1597666737873,True,True
78,173947160,427.33000000,0.42300000,180.76059000,1597666737946,False,True
79,173947161,427.33000000,0.00005000,0.02136650,1597666740322,False,True
80,173947162,427.35000000,2.26310000,967.13578500,1597666740404,True,True
81,173947163,427.34000000,0.24331000,103.97609540,1597666740404,True,True
82,173947164,427.34000000,1.17011000,500.03480740,1597666740404,True,True
83,173947165,427.33000000,4.56480000,1950.67598400,1597666740404,True,True
84,173947166,427.32000000,29.83847000,12750.57500040,1597666740404,True,True
85,173947167,427.32000000,14.94340000,6385.61368800,1597666740404,True,True
86,173947168,427.28000000,0.28983000,123.83856240,1597666740404,True,True
87,173947169,427.27000000,0.09359000,39.98819930,1597666740404,True,True
88,173947170,427.27000000,3.51154000,1500.37569580,1597666740404,True,True
89,173947171,427.26000000,30.00000000,12817.80000000,1597666740404,True,True
90,173947172,427.26000000,10.33648000,4416.36444480,1597666740404,True,True
91,173947173,427.25000000,4.38998000,1875.61895500,1597666740404,True,True
92,173947174,427.25000000,0.76601000,327.27777250,1597666740404,True,True
93,173947175,427.23000000,2.32000000,991.17360000,1597666740404,True,True
94,173947176,427.23000000,1.43921000,614.87368830,1597666740404,True,True
95,173947177,427.23000000,1.00000000,427.23000000,1597666740404,True,True
96,173947178,427.23000000,3.71917000,1588.94099910,1597666740404,True,True
97,173947179,427.29000000,0.07100000,30.33759000,1597666740574,False,True
98,173947180,427.28000000,0.07023000,30.00787440,1597666740916,False,True
99,173947181,427.28000000,0.28051000,119.85631280,1597666740918,False,True
100,173947182,427.28000000,0.31000000,132.45680000,1597666741100,False,True
101,173947183,427.29000000,2.26510000,967.85457900,1597666741829,False,True
102,173947184,427.29000000,2.14390000,916.06703100,1597666741829,False,True
103,173947185,427.29000000,0.00059000,0.25210110,1597666741974,False,True
104,173947186,427.33000000,0.10743000,45.90806190,1597666741974,False,True
105,173947187,427.35000000,2.52478000,1078.96473300,1597666742107,True,True
106,173947188,427.35000000,0.53916000,230.41002600,1597666742107,True,True
107,173947189,427.35000000,0.23235000,99.29477250,1597666742107,True,True
108,173947190,427.35000000,0.04111000,17.56835850,1597666742107,True,True
109,173947191,427.35000000,6.05227000,2586.43758450,1597666742107,True,True
110,173947192,427.36000000,0.09300000,39.74448000,1597666743111,False,True
111,173947193,427.35000000,2.34099000,1000.42207650,1597666743323,True,True
112,173947194,427.35000000,0.32226000,137.71781100,1597666743323,True,True
113,173947195,427.36000000,0.00059000,0.25214240,1597666744970,False,True
114,173947196,427.36000000,0.02601000,11.11563360,1597666744970,False,True
115,173947197,427.36000000,0.03300000,14.10288000,1597666745099,False,True
116,173947198,427.35000000,1.28261000,548.12338350,1597666747104,True,True
117,173947199,427.35000000,11.88811000,5080.38380850,1597666747760,True,True
118,173947200,427.35000000,1.33431000,570.21737850,1597666749639,True,True
119,173947201,427.35000000,0.78377000,334.94410950,1597666749747,True,True
120,173947202,427.35000000,0.34390000,146.96566500,1597666749748,True,True
121,173947203,427.35000000,0.32096000,137.16225600,1597666749749,True,True
122,173947204,427.36000000,0.00031000,0.13248160,1597666749915,False,True
123,173947205,427.36000000,0.56869000,243.03535840,1597666749915,False,True
124,173947206,427.44000000,2.33610000,998.54258400,1597666750265,True,True
125,173947207,427.39000000,0.60658000,259.24622620,1597666753161,False,True
126,173947208,427.39000000,1.72952000,739.17955280,1597666753366,False,True
127,173947209,427.43000000,0.27820000,118.91102600,1597666753703,False,True
128,173947210,427.43000000,1.19722000,511.72774460,1597666753715,False,True
129,173947211,427.50000000,0.10000000,42.75000000,1597666753793,False,True
130,173947212,427.53000000,0.36590000,156.43322700,1597666753815,False,True
131,173947213,427.53000000,2.27521000,972.72053130,1597666753815,False,True
132,173947214,427.55000000,2.25727000,965.09578850,1597666753874,False,True
133,173947215,427.56000000,1.82850000,781.79346000,1597666753882,False,True
134,173947216,427.56000000,2.00111000,855.59459160,1597666753884,False,True
135,173947217,427.51000000,0.09361000,40.01921110,1597666753926,True,True
136,173947218,427.51000000,0.04993000,21.34557430,1597666753937,True,True
137,173947219,427.56000000,0.74546000,318.72887760,1597666754074,True,True
138,173947220,427.61000000,0.02525000,10.79715250,1597666754214,True,True
139,173947221,427.61000000,0.25000000,106.90250000,1597666754256,True,True
140,173947222,427.61000000,0.02526000,10.80142860,1597666754266,True,True
141,173947223,427.59000000,0.14943000,63.89477370,1597666754371,True,True
142,173947224,427.59000000,0.73000000,312.14070000,1597666754538,True,True
143,173947225,427.60000000,0.02527000,10.80545200,1597666755225,False,True
144,173947226,427.62000000,0.00055000,0.23519100,1597666755225,False,True
145,173947227,427.59000000,0.14191000,60.67929690,1597666755343,True,True
146,173947228,427.59000000,0.02527000,10.80519930,1597666755374,True,True
147,173947229,427.60000000,0.02526000,10.80117600,1597666755424,True,True
148,173947230,427.63000000,0.58305000,249.32967150,1597666755462,False,True
149,173947231,427.60000000,0.02527000,10.80545200,1597666755510,True,True
150,173947232,427.60000000,0.02527000,10.80545200,1597666755554,True,True
151,173947233,427.60000000,0.02526000,10.80117600,1597666755623,True,True
152,173947234,427.60000000,0.02527000,10.80545200,1597666755673,True,True
153,173947235,427.60000000,0.02527000,10.80545200,1597666755739,True,True
154,173947236,427.60000000,0.02527000,10.80545200,1597666755846,True,True
155,173947237,427.60000000,0.10664000,45.59926400,1597666756914,True,True
156,173947238,427.57000000,0.10061000,43.01781770,1597666758036,True,True
157,173947239,427.57000000,0.71342000,305.03698940,1597666759328,True,True
158,173947240,427.58000000,0.29243000,125.03721940,1597666759564,True,True
159,173947241,427.57000000,1.52207000,650.79146990,1597666759564,True,True
160,173947242,427.57000000,13.70325000,5859.09860250,1597666759564,True,True
161,173947243,427.61000000,0.40229000,172.02322690,1597666762097,False,True
162,173947244,427.62000000,0.21838000,93.38365560,1597666762285,False,True
163,173947245,427.61000000,1.00804000,431.04798440,1597666762449,True,True
164,173947246,427.61000000,0.45779000,195.75558190,1597666763942,True,True
165,173947247,427.61000000,0.34684000,148.31225240,1597666764148,True,True
166,173947248,427.61000000,1.49104000,637.58361440,1597666764459,True,True
167,173947249,427.62000000,0.17264000,73.82431680,1597666765037,False,True
168,173947250,427.62000000,2.38772000,1021.03682640,1597666765125,False,True
169,173947251,427.67000000,1.47542000,630.99287140,1597666765297,True,True
170,173947252,427.67000000,2.52458000,1079.68712860,1597666765297,True,True
171,173947253,427.69000000,0.02637000,11.27818530,1597666765459,False,True
172,173947254,427.67000000,0.50100000,214.26267000,1597666765482,True,True
173,173947255,427.69000000,24.35521000,10416.47976490,1597666765579,False,True
174,173947256,427.69000000,2.47153000,1057.04866570,1597666765588,False,True
175,173947257,427.68000000,0.16261000,69.54504480,1597666765643,True,True
176,173947258,427.69000000,4.05617000,1734.78334730,1597666765919,False,True
177,173947259,427.69000000,0.86540000,370.12292600,1597666771360,False,True
178,173947260,427.69000000,0.74513000,318.68464970,1597666771360,False,True
179,173947261,427.70000000,0.08403000,35.93963100,1597666772392,True,True
180,173947262,427.70000000,0.47823000,204.53897100,1597666772392,True,True
181,173947263,427.69000000,1.16952000,500.19200880,1597666774742,True,True
182,173947264,427.69000000,2.99513000,1280.98714970,1597666774742,True,True
183,173947265,427.69000000,2.99335000,1280.22586150,1597666774742,True,True
184,173947266,427.69000000,13.28300000,5681.00627000,1597666774817,True,True
185,173947267,427.70000000,0.02619000,11.20146300,1597666775691,False,True
186,173947268,427.70000000,2.30991000,987.94850700,1597666775697,False,True
187,173947269,427.71000000,2.00031000,855.55259010,1597666775697,False,True
188,173947270,427.73000000,1.73662000,742.80447260,1597666775697,False,True
189,173947271,427.72000000,0.02619000,11.20198680,1597666775768,True,True
190,173947272,427.71000000,4.09181000,1750.10805510,1597666775768,True,True
191,173947273,427.74000000,0.11864000,50.74707360,1597666775869,True,True
192,173947274,427.74000000,0.11982000,51.25180680,1597666778085,True,True
193,173947275,427.74000000,0.65933000,282.02181420,1597666778179,True,True
194,173947276,427.74000000,0.70077000,299.74735980,1597666778212,True,True
195,173947277,427.75000000,3.43441000,1469.06887750,1597666778945,False,True
196,173947278,427.75000000,0.05951000,25.45540250,1597666778952,False,True
197,173947279,427.77000000,2.29410000,981.34715700,1597666779166,False,True
198,173947280,427.77000000,4.70590000,2013.04284300,1597666779169,False,True
199,173947281,427.79000000,0.46361000,198.32772190,1597666779281,False,True
200,173947282,427.80000000,0.28834000,123.35185200,1597666779333,False,True
201,173947283,427.80000000,0.10000000,42.78000000,1597666779333,False,True
202,173947284,427.83000000,1.03177000,441.42215910,1597666779333,False,True
203,173947285,427.83000000,0.16472000,70.47215760,1597666779333,False,True
204,173947286,427.90000000,0.81245000,347.64735500,1597666779847,True,True
205,173947287,427.90000000,3.28055000,1403.74734500,1597666779847,True,True
206,173947288,427.87000000,1.16875000,500.07306250,1597666779955,True,True
207,173947289,427.87000000,0.25469000,108.97421030,1597666779955,True,True
208,173947290,427.87000000,2.38056000,1018.57020720,1597666779955,True,True
209,173947291,427.88000000,0.06536000,27.96623680,1597666780377,True,True
210,173947292,427.88000000,2.57800000,1103.07464000,1597666780573,True,True
211,173947293,427.86000000,0.09300000,39.79098000,1597666780797,True,True
212,173947294,427.86000000,0.00046000,0.19681560,1597666781213,True,True
213,173947295,427.86000000,1.16854000,499.97152440,1597666781213,True,True
214,173947296,427.86000000,0.00006000,0.02567160,1597666781222,True,True
215,173947297,427.83000000,1.40144000,599.57807520,1597666781726,False,True
216,173947298,427.84000000,0.29084000,124.43298560,1597666782340,False,True
217,173947299,427.85000000,1.50155000,642.43816750,1597666783132,False,True
218,173947300,427.86000000,1.04781000,448.31598660,1597666783132,False,True
219,173947301,427.89000000,0.03778000,16.16568420,1597666783408,True,True
220,173947302,427.87000000,0.06116000,26.16852920,1597666784175,True,True
221,173947303,427.85000000,2.33610000,999.50038500,1597666784659,True,True
222,173947304,427.79000000,0.13000000,55.61270000,1597666785040,False,True
223,173947305,427.82000000,2.43139000,1040.19726980,1597666785221,False,True
224,173947306,427.85000000,0.02608000,11.15832800,1597666785887,False,True
225,173947307,427.84000000,0.08492000,36.33217280,1597666787125,True,True
226,173947308,427.85000000,4.53872000,1941.89135200,1597666787476,False,True
227,173947309,427.85000000,0.18187000,77.81307950,1597666787476,False,True
228,173947310,427.92000000,2.36800000,1013.31456000,1597666787542,True,True
229,173947311,427.91000000,15.23000000,6517.06930000,1597666787653,True,True
230,173947312,427.91000000,0.54600000,233.63886000,1597666787770,True,True
231,173947313,427.91000000,0.05519000,23.61635290,1597666787871,True,True
232,173947314,427.93000000,0.13810000,59.09713300,1597666787978,True,True
233,173947315,427.96000000,0.12674000,54.23965040,1597666788157,False,True
234,173947316,427.96000000,1.75291000,750.17536360,1597666790202,True,True
235,173947317,427.96000000,3.19709000,1368.22663640,1597666790202,True,True
236,173947318,427.97000000,0.34382000,147.14464540,1597666790962,True,True
237,173947319,427.97000000,0.04643000,19.87064710,1597666790988,True,True
238,173947320,427.97000000,0.03322000,14.21716340,1597666791195,True,True
239,173947321,428.00000000,0.25000000,107.00000000,1597666794255,False,True
240,173947322,428.00000000,1.25000000,535.00000000,1597666794255,False,True
241,173947323,428.00000000,0.03024000,12.94272000,1597666794642,False,True
242,173947324,428.00000000,1.28364000,549.39792000,1597666795427,False,True
243,173947325,428.00000000,9.23842000,3954.04376000,1597666795427,False,True
244,173947326,427.99000000,0.95800000,410.01442000,1597666795621,True,True
245,173947327,428.00000000,3.00000000,1284.00000000,1597666795705,False,True
246,173947328,428.00000000,3.92000000,1677.76000000,1597666795765,False,True
247,173947329,428.00000000,2.10999000,903.07572000,1597666795780,False,True
248,173947330,428.00000000,8.39300000,3592.20400000,1597666795785,False,True
249,173947331,428.00000000,2.45600000,1051.16800000,1597666795789,False,True
250,173947332,428.00000000,2.92986000,1253.98008000,1597666795789,False,True
251,173947333,428.00000000,2.00000000,856.00000000,1597666795798,False,True
252,173947334,428.00000000,2.88700000,1235.63600000,1597666795800,False,True
253,173947335,428.00000000,17.79739000,7617.28292000,1597666795800,False,True
254,173947336,428.00000000,14.00000000,5992.00000000,1597666795804,False,True
255,173947337,428.00000000,1.90600000,815.76800000,1597666795804,False,True
256,173947338,428.00000000,3.53550000,1513.19400000,1597666795806,False,True
257,173947339,428.00000000,1.99000000,851.72000000,1597666795809,False,True
258,173947340,428.00000000,6.96300000,2980.16400000,1597666795811,False,True
259,173947341,428.00000000,5.22600000,2236.72800000,1597666795816,False,True
260,173947342,428.00000000,3.08974000,1322.40872000,1597666795817,False,True
261,173947343,428.00000000,3.59982000,1540.72296000,1597666795819,False,True
262,173947344,428.00000000,2.94794000,1261.71832000,1597666795819,False,True
263,173947345,428.00000000,5.55000000,2375.40000000,1597666795819,False,True
264,173947346,428.00000000,112.18613000,48015.66364000,1597666795819,False,True
265,173947347,428.00000000,15.58160000,6668.92480000,1597666795820,False,True
266,173947348,428.00000000,8.52185000,3647.35180000,1597666795823,False,True
267,173947349,428.00000000,172.48640000,73824.17920000,1597666795825,False,True
268,173947350,428.00000000,40.33038000,17261.40264000,1597666795826,False,True
269,173947351,428.00000000,4.72423000,2021.97044000,1597666795828,False,True
270,173947352,428.00000000,2.36383000,1011.71924000,1597666795830,False,True
271,173947353,428.00000000,3.95200000,1691.45600000,1597666795835,False,True
272,173947354,428.00000000,9.50000000,4066.00000000,1597666795837,False,True
273,173947355,428.00000000,4.91019000,2101.56132000,1597666795839,False,True
274,173947356,428.00000000,100.00000000,42800.00000000,1597666795840,False,True
275,173947357,428.00000000,4.08879000,1750.00212000,1597666795843,False,True
276,173947358,428.00000000,2.77700000,1188.55600000,1597666795845,False,True
277,173947359,428.00000000,3.48624000,1492.11072000,1597666795847,False,True
278,173947360,428.00000000,2.59217000,1109.44876000,1597666795849,False,True
279,173947361,428.00000000,14.32600000,6131.52800000,1597666795851,False,True
280,173947362,428.00000000,1.56168000,668.39904000,1597666795861,False,True
281,173947363,428.00000000,2.92995000,1254.01860000,1597666795861,False,True
282,173947364,428.00000000,4.43785000,1899.39980000,1597666795869,False,True
283,173947365,428.00000000,5.98483000,2561.50724000,1597666795872,False,True
284,173947366,428.00000000,0.67400000,288.47200000,1597666795873,False,True
285,173947367,428.00000000,9.47862000,4056.84936000,1597666795883,False,True
286,173947368,428.00000000,2.35887000,1009.59636000,1597666795884,False,True
287,173947369,428.00000000,1.54256000,660.21568000,1597666795889,False,True
288,173947370,428.00000000,2.27633000,974.26924000,1597666795890,False,True
289,173947371,428.00000000,35.45262000,15173.72136000,1597666795894,False,True
290,173947372,428.00000000,1.54256000,660.21568000,1597666795902,False,True
291,173947373,428.00000000,0.75765000,324.27420000,1597666795907,False,True
292,173947374,428.00000000,1.54256000,660.21568000,1597666795911,False,True
293,173947375,428.00000000,8.98933000,3847.43324000,1597666795913,False,True
294,173947376,428.00000000,22.16000000,9484.48000000,1597666795917,False,True
295,173947377,428.00000000,3.59594000,1539.06232000,1597666795925,False,True
296,173947378,428.00000000,3.17699000,1359.75172000,1597666795927,False,True
297,173947379,428.00000000,2.54181000,1087.89468000,1597666795929,False,True
298,173947380,428.00000000,2.00000000,856.00000000,1597666795930,False,True
299,173947381,428.00000000,11.95100000,5115.02800000,1597666795935,False,True
300,173947382,428.00000000,3.22175000,1378.90900000,1597666795935,False,True
301,173947383,428.00000000,4.20269000,1798.75132000,1597666795937,False,True
302,173947384,428.00000000,2.91500000,1247.62000000,1597666795941,False,True
303,173947385,428.00000000,1.88900000,808.49200000,1597666795944,False,True
304,173947386,428.00000000,2.52811000,1082.03108000,1597666795949,False,True
305,173947387,428.00000000,3.69098000,1579.73944000,1597666795951,False,True
306,173947388,428.00000000,2.71223000,1160.83444000,1597666795952,False,True
307,173947389,428.00000000,2.05352000,878.90656000,1597666795953,False,True
308,173947390,428.00000000,2.89318000,1238.28104000,1597666795954,False,True
309,173947391,428.00000000,9.82690000,4205.91320000,1597666795955,False,True
310,173947392,428.00000000,3.07571000,1316.40388000,1597666795956,False,True
311,173947393,428.00000000,2.53724000,1085.93872000,1597666795956,False,True
312,173947394,428.00000000,3.65800000,1565.62400000,1597666795957,False,True
313,173947395,428.00000000,9.44600000,4042.88800000,1597666795958,False,True
314,173947396,428.00000000,33.08500000,14160.38000000,1597666795959,False,True
315,173947397,428.00000000,2.97532000,1273.43696000,1597666795964,False,True
316,173947398,428.00000000,56.34200000,24114.37600000,1597666795969,False,True
317,173947399,428.00000000,2.54181000,1087.89468000,1597666795969,False,True
318,173947400,428.00000000,4.80260000,2055.51280000,1597666795970,False,True
319,173947401,428.00000000,100.00000000,42800.00000000,1597666795975,False,True
320,173947402,428.00000000,2.00000000,856.00000000,1597666795975,False,True
321,173947403,428.00000000,2.73323000,1169.82244000,1597666795977,False,True
322,173947404,428.00000000,1.41160000,604.16480000,1597666795978,False,True
323,173947405,428.00000000,10.80460000,4624.36880000,1597666795979,False,True
324,173947406,428.00000000,1.58840000,679.83520000,1597666795983,False,True
325,173947407,428.00000000,2.99272000,1280.88416000,1597666795984,False,True
326,173947408,428.00000000,15.00000000,6420.00000000,1597666795985,False,True
327,173947409,428.00000000,2.27633000,974.26924000,1597666795988,False,True
328,173947410,428.00000000,26.16694000,11199.45032000,1597666795989,False,True
329,173947411,428.00000000,0.85030000,363.92840000,1597666795991,False,True
330,173947412,428.00000000,2.43840000,1043.63520000,1597666795994,False,True
331,173947413,428.00000000,2.20500000,943.74000000,1597666795994,False,True
332,173947414,428.00000000,2.02614000,867.18792000,1597666795994,False,True
333,173947415,428.00000000,0.12675000,54.24900000,1597666795995,False,True
334,173947416,428.00000000,2.48990000,1065.67720000,1597666796000,False,True
335,173947417,428.00000000,5.05000000,2161.40000000,1597666796002,False,True
336,173947418,428.00000000,21.18988000,9069.26864000,1597666796002,False,True
337,173947419,428.00000000,3.76600000,1611.84800000,1597666796012,False,True
338,173947420,428.00000000,3.08644000,1320.99632000,1597666796014,False,True
339,173947421,428.00000000,2.27633000,974.26924000,1597666796016,False,True
340,173947422,428.00000000,1.07419000,459.75332000,1597666796016,False,True
341,173947423,428.00000000,0.91700000,392.47600000,1597666796017,False,True
342,173947424,428.00000000,6.04162000,2585.81336000,1597666796018,False,True
343,173947425,428.00000000,9.13269000,3908.79132000,1597666796018,False,True
344,173947426,428.00000000,36.37262000,15567.48136000,1597666796021,False,True
345,173947427,428.00000000,1.03146000,441.46488000,1597666796021,False,True
346,173947428,428.01000000,2.27633000,974.29200330,1597666796021,False,True
347,173947429,428.04000000,0.29460000,126.10058400,1597666796021,False,True
348,173947430,428.10000000,2.42875000,1039.74787500,1597666796021,False,True
349,173947431,428.10000000,4.44608000,1903.36684800,1597666796024,False,True
350,173947432,428.10000000,0.10000000,42.81000000,1597666796024,False,True
351,173947433,428.11000000,0.15675000,67.10624250,1597666796024,False,True
352,173947434,428.13000000,1.10000000,470.94300000,1597666796024,False,True
353,173947435,428.13000000,0.37449000,160.33040370,1597666796024,False,True
354,173947436,428.13000000,1.03468000,442.97754840,1597666796024,False,True
355,173947437,428.13000000,3.96531000,1697.66817030,1597666796030,False,True
356,173947438,428.13000000,0.81769000,350.07761970,1597666796030,False,True
357,173947439,428.13000000,9.50437000,4069.10592810,1597666796046,False,True
358,173947440,428.13000000,2.49999000,1070.32071870,1597666796046,False,True
359,173947441,428.21000000,0.03208000,13.73697680,1597666796046,False,True
360,173947442,428.26000000,0.93056000,398.52162560,1597666796046,False,True
361,173947443,428.26000000,0.26944000,115.39037440,1597666796047,False,True
362,173947444,428.26000000,1.20000000,513.91200000,1597666796047,False,True
363,173947445,428.27000000,1.16748000,499.99665960,1597666796047,False,True
364,173947446,428.27000000,1.74100000,745.61807000,1597666796047,False,True
365,173947447,428.27000000,0.84008000,359.78106160,1597666796047,False,True
366,173947448,428.25000000,0.02635000,11.28438750,1597666796126,False,True
367,173947449,428.19000000,0.05538000,23.71316220,1597666796133,True,True
368,173947450,428.24000000,0.07626000,32.65758240,1597666796268,True,True
369,173947451,428.25000000,0.04076000,17.45547000,1597666796269,False,True
370,173947452,428.25000000,0.02635000,11.28438750,1597666796370,False,True
371,173947453,428.27000000,1.49300000,639.40711000,1597666796439,True,True
372,173947454,428.28000000,0.06990000,29.93677200,1597666796446,False,True
373,173947455,428.29000000,0.70046000,300.00001340,1597666796556,False,True
374,173947456,428.28000000,0.75469000,323.21863320,1597666796564,True,True
375,173947457,428.30000000,0.20845000,89.27913500,1597666796565,False,True
376,173947458,428.31000000,4.50000000,1927.39500000,1597666796634,False,True
377,173947459,428.30000000,0.78577000,336.54529100,1597666796665,True,True
378,173947460,428.30000000,0.32700000,140.05410000,1597666796776,True,True
379,173947461,428.30000000,0.27200000,116.49760000,1597666796884,True,True
380,173947462,428.31000000,0.03000000,12.84930000,1597666796934,False,True
381,173947463,428.35000000,0.08062000,34.53357700,1597666796934,False,True
382,173947464,428.37000000,0.74438000,318.87006060,1597666796936,False,True
383,173947465,428.37000000,1.59286000,682.33343820,1597666797061,False,True
384,173947466,428.38000000,0.44622000,191.15172360,1597666797061,False,True
385,173947467,428.36000000,0.07899000,33.83615640,1597666797072,True,True
386,173947468,428.38000000,0.60230000,258.01327400,1597666797156,False,True
387,173947469,428.40000000,1.51987000,651.11230800,1597666797156,False,True
388,173947470,428.39000000,0.40870000,175.08299300,1597666797174,True,True
389,173947471,428.39000000,2.27157000,973.11787230,1597666797235,True,True
390,173947472,428.37000000,4.12820000,1768.39703400,1597666797245,True,True
391,173947473,428.37000000,5.98900000,2565.50793000,1597666797277,True,True
392,173947474,428.37000000,5.46900000,2342.75553000,1597666797286,True,True
393,173947475,428.37000000,3.73700000,1600.81869000,1597666797289,True,True
394,173947476,428.37000000,5.47300000,2344.46901000,1597666797291,True,True
395,173947477,428.37000000,0.09237000,39.56853690,1597666797298,True,True
396,173947478,428.37000000,0.09824000,42.08306880,1597666797329,True,True
397,173947479,428.37000000,4.90500000,2101.15485000,1597666797352,True,True
398,173947480,428.37000000,0.10819000,46.34535030,1597666797356,True,True
399,173947481,428.37000000,2.12169000,908.86834530,1597666797356,True,True
400,173947482,428.37000000,1.85512000,794.67775440,1597666797356,True,True
401,173947483,428.37000000,0.23300000,99.81021000,1597666797639,True,True
402,173947484,428.37000000,2.19500000,940.27215000,1597666797655,True,True
403,173947485,428.36000000,1.76000000,753.91360000,1597666797670,True,True
404,173947486,428.37000000,24.05510000,10304.48318700,1597666797670,False,True
405,173947487,428.36000000,0.74200000,317.84312000,1597666797674,True,True
406,173947488,428.36000000,3.49800000,1498.40328000,1597666797686,True,True
407,173947489,428.35000000,2.43436000,1042.75810600,1597666797686,True,True
408,173947490,428.32000000,0.15364000,65.80708480,1597666797686,True,True
409,173947491,428.32000000,2.61700000,1120.91344000,1597666797696,True,True
410,173947492,428.36000000,14.87600000,6372.28336000,1597666797704,True,True
411,173947493,428.36000000,3.49800000,1498.40328000,1597666797710,True,True
412,173947494,428.36000000,1.36600000,585.13976000,1597666797730,True,True
413,173947495,428.36000000,0.26563000,113.78526680,1597666797733,True,True
414,173947496,428.37000000,0.23331000,99.94300470,1597666797800,False,True
415,173947497,428.36000000,2.20000000,942.39200000,1597666797803,True,True
416,173947498,428.33000000,1.02100000,437.32493000,1597666797814,True,True
417,173947499,428.34000000,0.23331000,99.93600540,1597666797897,False,True
418,173947500,428.33000000,0.99969000,428.19721770,1597666798220,False,True
419,173947501,428.33000000,0.07898000,33.82950340,1597666798399,True,True
420,173947502,428.34000000,0.61598000,263.84887320,1597666798465,False,True
421,173947503,428.34000000,0.08491000,36.37034940,1597666798465,False,True
422,173947504,428.38000000,2.33610000,1000.73851800,1597666798844,False,True
423,173947505,428.38000000,2.33610000,1000.73851800,1597666798844,False,True
424,173947506,428.40000000,0.19426000,83.22098400,1597666798844,False,True
425,173947507,428.40000000,0.09954000,42.64293600,1597666798844,False,True
426,173947508,428.39000000,0.11890000,50.93557100,1597666799420,True,True
427,173947509,428.40000000,0.00046000,0.19706400,1597666799583,False,True
428,173947510,428.40000000,0.49954000,214.00293600,1597666799583,False,True
429,173947511,428.42000000,0.03500000,14.99470000,1597666799689,False,True
430,173947512,428.42000000,0.02400000,10.28208000,1597666799689,False,True
431,173947513,428.40000000,5.82216000,2494.21334400,1597666800095,True,True
432,173947514,428.44000000,12.59612000,5396.68165280,1597666800412,False,True
433,173947515,428.45000000,2.28115000,977.35871750,1597666800412,False,True
434,173947516,428.46000000,30.00000000,12853.80000000,1597666800412,False,True
435,173947517,428.50000000,0.41350000,177.18475000,1597666800412,False,True
436,173947518,428.51000000,0.02492000,10.67846920,1597666800412,False,True
437,173947519,428.51000000,3.38706000,1451.38908060,1597666800412,False,True
438,173947520,428.52000000,0.15180000,65.04933600,1597666800412,False,True
439,173947521,428.54000000,0.40812000,174.89574480,1597666800412,False,True
440,173947522,428.54000000,2.60829000,1117.75659660,1597666800412,False,True
441,173947523,428.54000000,0.04000000,17.14160000,1597666800412,False,True
442,173947524,428.56000000,7.99663000,3427.03575280,1597666800412,False,True
443,173947525,428.56000000,0.13303000,57.01133680,1597666800412,False,True
444,173947526,428.56000000,10.31310000,4419.78213600,1597666800412,False,True
445,173947527,428.59000000,0.06387000,27.37404330,1597666800412,False,True
446,173947528,428.59000000,1.16709000,500.20310310,1597666800412,False,True
447,173947529,428.60000000,0.40000000,171.44000000,1597666800412,False,True
448,173947530,428.62000000,2.50000000,1071.55000000,1597666800412,False,True
449,173947531,428.62000000,5.55065000,2379.11960300,1597666800412,False,True
450,173947532,428.62000000,2.33306000,999.99617720,1597666800412,False,True
451,173947533,428.63000000,0.21816000,93.50992080,1597666800412,False,True
452,173947534,428.63000000,10.35497000,4438.45079110,1597666800412,False,True
453,173947535,428.64000000,8.32582000,3568.77948480,1597666800412,False,True
454,173947536,428.65000000,0.76902000,329.64042300,1597666800412,False,True
455,173947537,428.65000000,6.00000000,2571.90000000,1597666800412,False,True
456,173947538,428.66000000,1.16717000,500.31909220,1597666800412,False,True
457,173947539,428.67000000,3.50020000,1500.43073400,1597666800412,False,True
458,173947540,428.68000000,0.32356000,138.70370080,1597666800412,False,True
459,173947541,428.45000000,2.36667000,1013.99976150,1597666800566,True,True
460,173947542,428.45000000,0.09233000,39.55878850,1597666800566,True,True
461,173947543,428.45000000,0.00098000,0.41988100,1597666800667,True,True
462,173947544,428.45000000,0.69302000,296.92441900,1597666800667,True,True
463,173947545,428.49000000,0.23300000,99.83817000,1597666800784,True,True
464,173947546,428.47000000,0.21150000,90.62140500,1597666800913,True,True
465,173947547,428.47000000,0.43814000,187.72984580,1597666800913,True,True
466,173947548,428.47000000,0.28100000,120.40007000,1597666800965,True,True
467,173947549,428.46000000,0.09300000,39.84678000,1597666801155,True,True
468,173947550,428.46000000,0.00034000,0.14567640,1597666801199,True,True
469,173947551,428.47000000,0.02567000,10.99882490,1597666801209,False,True
470,173947552,428.45000000,1.33000000,569.83850000,1597666801269,True,True
471,173947553,428.45000000,0.75700000,324.33665000,1597666801375,True,True
472,173947554,428.45000000,0.03539000,15.16284550,1597666801458,True,True
473,173947555,428.45000000,4.36608000,1870.64697600,1597666801587,True,True
474,173947556,428.40000000,1.33000000,569.77200000,1597666801690,True,True
475,173947557,428.40000000,0.59600000,255.32640000,1597666801723,True,True
476,173947558,428.40000000,2.67500000,1145.97000000,1597666801723,True,True
477,173947559,428.40000000,9.41600000,4033.81440000,1597666801723,True,True
478,173947560,428.40000000,1.17700000,504.22680000,1597666801723,True,True
479,173947561,428.40000000,0.18445000,79.01838000,1597666801723,True,True
480,173947562,428.39000000,1.55591000,666.53628490,1597666801766,True,True
481,173947563,428.34000000,0.28100000,120.36354000,1597666802087,False,True
482,173947564,428.32000000,0.20900000,89.51888000,1597666802193,False,True
483,173947565,428.32000000,1.00016000,428.38853120,1597666802252,False,True
484,173947566,428.32000000,0.16898000,72.37751360,1597666802291,False,True
485,173947567,428.32000000,0.03537000,15.14967840,1597666802415,False,True
486,173947568,428.31000000,1.26936000,543.67958160,1597666802964,True,True
487,173947569,428.28000000,0.23296000,99.77210880,1597666803498,True,True
488,173947570,428.28000000,0.21390000,91.60909200,1597666804337,True,True
489,173947571,428.28000000,0.72106000,308.81557680,1597666804378,True,True
490,173947572,428.27000000,1.80000000,770.88600000,1597666804378,True,True
491,173947573,428.25000000,0.61407000,262.97547750,1597666804378,True,True
492,173947574,428.24000000,0.27928000,119.59886720,1597666804420,True,True
493,173947575,428.28000000,0.28200000,120.77496000,1597666804518,False,True
494,173947576,428.24000000,1.80000000,770.83200000,1597666804602,True,True
495,173947577,428.22000000,1.05562000,452.03759640,1597666804602,True,True
496,173947578,428.25000000,2.26344000,969.31818000,1597666804610,False,True
497,173947579,428.26000000,0.91193000,390.54314180,1597666804645,False,True
498,173947580,428.25000000,0.07266000,31.11664500,1597666804693,True,True
499,173947581,428.25000000,2.33610000,1000.43482500,1597666804693,True,True
