,id,price,qty,quoteQty,time,isBuyerMaker,isBestMatch
0,138924797,159.33000000,0.07375000,11.75058750,1586593947895,True,True
1,138924798,159.34000000,3.16172000,503.78846480,1586593948068,False,True
2,138924799,159.34000000,0.31428000,50.07737520,1586593948611,False,True
3,138924800,159.35000000,0.38190000,60.85576500,1586593952597,True,True
4,138924801,159.35000000,0.14711000,23.44197850,1586593952710,True,True
5,138924802,159.35000000,0.64782000,103.23011700,1586593954636,True,True
6,138924803,159.35000000,1.86502000,297.19093700,1586593954636,True,True
7,138924804,159.35000000,3.65650000,582.66327500,1586593954636,True,True
8,138924805,159.35000000,0.08881000,14.15187350,1586593954776,True,True
9,138924806,159.36000000,0.07105000,11.32252800,1586593955249,False,True
10,138924807,159.35000000,0.17503000,27.89103050,1586593956604,True,True
11,138924808,159.34000000,20.59900000,3282.24466000,1586593956964,True,True
12,138924809,159.34000000,9.32388000,1485.66703920,1586593957048,True,True
13,138924810,159.33000000,0.54331000,86.56558230,1586593957067,True,True
14,138924811,159.33000000,0.09414000,14.99932620,1586593957067,True,True
15,138924812,159.30000000,6.55515000,1044.23539500,1586593957067,True,True
16,138924813,159.30000000,1.47435000,234.86395500,1586593957067,True,True
17,138924814,159.30000000,0.65605000,104.50876500,1586593957067,True,True
18,138924815,159.32000000,5.00000000,796.60000000,1586593957322,False,True
19,138924816,159.33000000,4.67992000,745.65165360,1586593957456,False,True
20,138924817,159.32000000,5.59600000,891.55472000,1586593957598,True,True
21,138924818,159.34000000,1.72174000,274.34205160,1586593958598,False,True
22,138924819,159.36000000,3.05475000,486.80496000,1586593959765,False,True
23,138924820,159.35000000,3.92324000,625.16829400,1586593959877,True,True
24,138924821,159.35000000,5.59522000,891.59830700,1586593962601,True,True
25,138924822,159.35000000,0.07045000,11.22620750,1586593965475,False,True
26,138924823,159.34000000,5.59557000,891.59812380,1586593965897,True,True
27,138924824,159.32000000,23.25000000,3704.19000000,1586593967553,False,True
28,138924825,159.31000000,5.96652000,950.52630120,1586593967678,True,True
29,138924826,159.32000000,5.00000000,796.60000000,1586593967739,False,True
30,138924827,159.31000000,3.65517000,582.30513270,1586593967813,False,True
31,138924828,159.31000000,1.94100000,309.22071000,1586593967856,False,True
32,138924829,159.31000000,1.05154000,167.52083740,1586593968220,False,True
33,138924830,159.31000000,3.18600000,507.56166000,1586593968279,False,True
34,138924831,159.31000000,5.59600000,891.49876000,1586593968598,False,True
35,138924832,159.30000000,1.47422000,234.84324600,1586593969818,True,True
36,138924833,159.31000000,3.16370000,504.00904700,1586593969938,False,True
37,138924834,159.30000000,2.86500000,456.39450000,1586593970306,False,True
38,138924835,159.30000000,1.00121000,159.49275300,1586593970452,False,True
39,138924836,159.31000000,1.00208000,159.64136480,1586593970991,False,True
40,138924837,159.29000000,3.13785000,499.82812650,1586593972964,True,True
41,138924838,159.29000000,8.65347000,1378.41123630,1586593972964,True,True
42,138924839,159.30000000,0.07385000,11.76430500,1586593973695,False,True
43,138924840,159.29000000,3.13785000,499.82812650,1586593973735,True,True
44,138924841,159.28000000,7.84395000,1249.38435600,1586593973735,True,True
45,138924842,159.28000000,6.27569000,999.59190320,1586593973735,True,True
46,138924843,159.28000000,12.55138000,1999.18380640,1586593973735,True,True
47,138924844,159.30000000,2.00000000,318.60000000,1586593974589,False,True
48,138924845,159.29000000,3.13785000,499.82812650,1586593974922,True,True
49,138924846,159.28000000,2.00000000,318.56000000,1586593976290,False,True
50,138924847,159.28000000,0.42000000,66.89760000,1586593977695,False,True
51,138924848,159.27000000,1.63697000,260.72021190,1586593977843,True,True
52,138924849,159.28000000,9.89773000,1576.51043440,1586593977864,False,True
53,138924850,159.28000000,0.10327000,16.44884560,1586593977864,False,True
54,138924851,159.28000000,5.59768000,891.59847040,1586593980102,True,True
55,138924852,159.27000000,3.13824000,499.82748480,1586593980102,True,True
56,138924853,159.27000000,5.33717000,850.05106590,1586593980102,True,True
57,138924854,159.29000000,0.07516000,11.97223640,1586593981931,False,True
58,138924855,159.30000000,0.57000000,90.80100000,1586593982616,False,True
59,138924856,159.29000000,3.82466000,609.23009140,1586593982762,True,True
60,138924857,159.30000000,2.67700000,426.44610000,1586593982906,False,True
61,138924858,159.30000000,4.50000000,716.85000000,1586593982981,False,True
62,138924859,159.30000000,2.03000000,323.37900000,1586593982995,False,True
63,138924860,159.30000000,6.09000000,970.13700000,1586593983000,False,True
64,138924861,159.30000000,0.17300000,27.55890000,1586593983135,False,True
65,138924862,159.30000000,9.41200000,1499.33160000,1586593983242,False,True
66,138924863,159.29000000,1.77267000,282.36860430,1586593983669,True,True
67,138924864,159.29000000,0.41910000,66.75843900,1586593983669,True,True
68,138924865,159.30000000,1.00000000,159.30000000,1586593986372,False,True
69,138924866,159.29000000,7.46079000,1188.42923910,1586593987821,True,True
70,138924867,159.29000000,0.76634000,122.07029860,1586593988058,True,True
71,138924868,159.30000000,5.00000000,796.50000000,1586593989444,False,True
72,138924869,159.30000000,19.50000000,3106.35000000,1586593989445,False,True
73,138924870,159.30000000,19.70000000,3138.21000000,1586593989466,False,True
74,138924871,159.30000000,8.90000000,1417.77000000,1586593989623,False,True
75,138924872,159.30000000,4.84900000,772.44570000,1586593989624,False,True
76,138924873,159.30000000,6.06088000,965.49818400,1586593989768,False,True
77,138924874,159.30000000,1.00000000,159.30000000,1586593989795,False,True
78,138924875,159.30000000,8.00000000,1274.40000000,1586593989797,False,True
79,138924876,159.30000000,1.00000000,159.30000000,1586593989799,False,True
80,138924877,159.30000000,4.90278000,781.01285400,1586593989811,False,True
81,138924878,159.30000000,1.00000000,159.30000000,1586593989811,False,True
82,138924879,159.35000000,0.07337000,11.69150950,1586593992131,False,True
83,138924880,159.33000000,0.96481000,153.72317730,1586593995054,True,True
84,138924881,159.34000000,3.13780000,499.97705200,1586593995807,False,True
85,138924882,159.34000000,2.45777000,391.62107180,1586593995809,False,True
86,138924883,159.34000000,22.57060000,3596.39940400,1586593995809,False,True
87,138924884,159.34000000,25.02218000,3987.03416120,1586593995812,False,True
88,138924885,159.34000000,6.27570000,999.97003800,1586593995824,False,True
89,138924886,159.34000000,6.13152000,976.99639680,1586593995825,False,True
90,138924887,159.34000000,0.22830000,36.37732200,1586593995825,False,True
91,138924888,159.35000000,6.19158000,986.62827300,1586593995825,False,True
92,138924889,159.35000000,1.73505000,276.48021750,1586593995855,False,True
93,138924890,159.35000000,11.35089000,1808.76432150,1586593995855,False,True
94,138924891,159.35000000,5.45260000,868.87181000,1586593995855,False,True
95,138924892,159.35000000,1.09050000,173.77117500,1586593995866,False,True
96,138924893,159.36000000,0.17300000,27.56928000,1586593996295,True,True
97,138924894,159.37000000,0.34830000,55.50857100,1586593996549,False,True
98,138924895,159.37000000,4.65170000,741.34142900,1586593996549,False,True
99,138924896,159.36000000,1.92566000,306.87317760,1586593999589,True,True
100,138924897,159.37000000,0.07097000,11.31048890,1586594000356,False,True
101,138924898,159.37000000,9.81430000,1564.10499100,1586594001224,False,True
102,138924899,159.36000000,0.12000000,19.12320000,1586594002983,True,True
103,138924900,159.38000000,0.14429000,22.99694020,1586594007036,False,True
104,138924901,159.37000000,0.31420000,50.07405400,1586594008627,True,True
105,138924902,159.38000000,0.28426000,45.30535880,1586594010561,False,True
106,138924903,159.38000000,1.19794000,190.92767720,1586594010561,False,True
107,138924904,159.38000000,0.12478000,19.88743640,1586594010561,False,True
108,138924905,159.40000000,0.06353000,10.12668200,1586594010561,False,True
109,138924906,159.40000000,0.06991000,11.14365400,1586594010561,False,True
110,138924907,159.40000000,1.08451000,172.87089400,1586594010561,False,True
111,138924908,159.40000000,4.35570000,694.29858000,1586594010561,False,True
112,138924909,159.40000000,6.63970000,1058.36818000,1586594010561,False,True
113,138924910,159.40000000,6.65444000,1060.71773600,1586594010561,False,True
114,138924911,159.41000000,6.23359000,993.69658190,1586594010561,False,True
115,138924912,159.41000000,0.96218000,153.38111380,1586594010561,False,True
116,138924913,159.40000000,0.07406000,11.80516400,1586594010575,False,True
117,138924914,159.40000000,0.13100000,20.88140000,1586594013382,True,True
118,138924915,159.40000000,0.00074000,0.11795600,1586594013790,True,True
119,138924916,159.40000000,0.13026000,20.76344400,1586594013790,True,True
120,138924917,159.40000000,0.07280000,11.60432000,1586594014771,True,True
121,138924918,159.40000000,0.08520000,13.58088000,1586594014771,True,True
122,138924919,159.40000000,6.18634000,986.10259600,1586594015798,True,True
123,138924920,159.40000000,1.86443000,297.19014200,1586594015798,True,True
124,138924921,159.40000000,6.54723000,1043.62846200,1586594015798,True,True
125,138924922,159.39000000,4.85100000,773.20089000,1586594020525,True,True
126,138924923,159.40000000,0.07492000,11.94224800,1586594020783,False,True
127,138924924,159.38000000,1.12400000,179.14312000,1586594021275,True,True
128,138924925,159.38000000,0.00088000,0.14025440,1586594021284,True,True
129,138924926,159.34000000,1.47409000,234.88150060,1586594021311,True,True
130,138924927,159.34000000,0.44804000,71.39069360,1586594021311,True,True
131,138924928,159.36000000,1.07898000,171.94625280,1586594023144,False,True
132,138924929,159.39000000,4.08943000,651.81424770,1586594024586,False,True
133,138924930,159.40000000,0.10011000,15.95753400,1586594024586,False,True
134,138924931,159.40000000,4.70606000,750.14596400,1586594024586,False,True
135,138924932,159.40000000,1.00054000,159.48607600,1586594025170,True,True
136,138924933,159.38000000,1.08956000,173.65407280,1586594028409,True,True
137,138924934,159.38000000,1.00027000,159.42303260,1586594029190,True,True
138,138924935,159.38000000,1.04590000,166.69554200,1586594029415,True,True
139,138924936,159.36000000,2.79428000,445.29646080,1586594029981,False,True
140,138924937,159.34000000,0.07531000,11.99989540,1586594030847,True,True
141,138924938,159.32000000,0.07219000,11.50131080,1586594031024,False,True
142,138924939,159.32000000,0.29811000,47.49488520,1586594031083,False,True
143,138924940,159.31000000,0.07532000,11.99922920,1586594031581,True,True
144,138924941,159.31000000,0.31518000,50.21132580,1586594031581,True,True
145,138924942,159.31000000,2.54327000,405.16834370,1586594031694,True,True
146,138924943,159.30000000,1.50385000,239.56330500,1586594032647,True,True
147,138924944,159.30000000,1.06038000,168.91853400,1586594033179,True,True
148,138924945,159.30000000,5.19947000,828.27557100,1586594033786,True,True
149,138924946,159.30000000,2.23630000,356.24259000,1586594033797,True,True
150,138924947,159.28000000,2.97983000,474.62732240,1586594035082,True,True
151,138924948,159.28000000,4.63447000,738.17838160,1586594035082,True,True
152,138924949,159.25000000,0.31377000,49.96787250,1586594036645,False,True
153,138924950,159.25000000,3.37755000,537.87483750,1586594036976,False,True
154,138924951,159.26000000,7.09784000,1130.40199840,1586594036976,False,True
155,138924952,159.24000000,1.04213000,165.94878120,1586594037328,True,True
156,138924953,159.26000000,1.47500000,234.90850000,1586594037376,False,True
157,138924954,159.26000000,6.96400000,1109.08664000,1586594037554,False,True
158,138924955,159.26000000,9.42100000,1500.38846000,1586594037665,False,True
159,138924956,159.26000000,0.10000000,15.92600000,1586594040041,False,True
160,138924957,159.28000000,1.39422000,222.07136160,1586594040041,False,True
161,138924958,159.22000000,1.00000000,159.22000000,1586594040747,True,True
162,138924959,159.22000000,1.30000000,206.98600000,1586594041005,True,True
163,138924960,159.22000000,0.17490000,27.84757800,1586594041038,True,True
164,138924961,159.22000000,0.82513000,131.37719860,1586594041038,True,True
165,138924962,159.24000000,0.07504000,11.94936960,1586594041228,False,True
166,138924963,159.22000000,5.90834000,940.72589480,1586594041475,True,True
167,138924964,159.22000000,1.47490000,234.83357800,1586594041475,True,True
168,138924965,159.22000000,1.47490000,234.83357800,1586594041475,True,True
169,138924966,159.22000000,1.47490000,234.83357800,1586594041475,True,True
170,138924967,159.22000000,1.47490000,234.83357800,1586594041475,True,True
171,138924968,159.22000000,1.47490000,234.83357800,1586594041475,True,True
172,138924969,159.22000000,1.47490000,234.83357800,1586594041475,True,True
173,138924970,159.22000000,1.47490000,234.83357800,1586594041475,True,True
174,138924971,159.22000000,1.47490000,234.83357800,1586594041475,True,True
175,138924972,159.22000000,1.47490000,234.83357800,1586594041475,True,True
176,138924973,159.23000000,3.00000000,477.69000000,1586594041581,False,True
177,138924974,159.23000000,0.10000000,15.92300000,1586594042070,True,True
178,138924975,159.26000000,0.30667000,48.84026420,1586594043377,False,True
179,138924976,159.26000000,0.16613000,26.45786380,1586594044116,False,True
180,138924977,159.22000000,1.00032000,159.27095040,1586594044766,True,True
181,138924978,159.26000000,10.00000000,1592.60000000,1586594045242,False,True
182,138924979,159.26000000,12.56200000,2000.62412000,1586594045275,False,True
183,138924980,159.25000000,25.60941000,4078.29854250,1586594045280,True,True
184,138924981,159.26000000,6.69900000,1066.88274000,1586594046820,False,True
185,138924982,159.25000000,1.13818000,181.25516500,1586594047172,True,True
186,138924983,159.24000000,1.03875000,165.41055000,1586594048935,True,True
187,138924984,159.26000000,18.29700000,2913.98022000,1586594050278,False,True
188,138924985,159.26000000,3.02256000,481.37290560,1586594050278,False,True
189,138924986,159.26000000,0.07232000,11.51768320,1586594051446,False,True
190,138924987,159.23000000,0.26653000,42.43957190,1586594051854,True,True
191,138924988,159.27000000,2.08316000,331.78489320,1586594052876,False,True
192,138924989,159.23000000,1.00036000,159.28732280,1586594052964,True,True
193,138924990,159.24000000,1.00053000,159.32439720,1586594056977,True,True
194,138924991,159.27000000,0.07531000,11.99462370,1586594059764,False,True
195,138924992,159.25000000,2.95986000,471.35770500,1586594060183,True,True
196,138924993,159.27000000,0.07378000,11.75094060,1586594061700,False,True
197,138924994,159.27000000,0.92622000,147.51905940,1586594070426,False,True
198,138924995,159.27000000,1.00000000,159.27000000,1586594070426,False,True
199,138924996,159.30000000,1.00000000,159.30000000,1586594070426,False,True
200,138924997,159.30000000,2.07378000,330.35315400,1586594070426,False,True
201,138924998,159.30000000,0.07035000,11.20675500,1586594071882,False,True
202,138924999,159.27000000,2.07469000,330.43587630,1586594076010,True,True
203,138925000,159.27000000,1.83805000,292.74622350,1586594076280,True,True
204,138925001,159.25000000,1.12207000,178.68964750,1586594076682,True,True
205,138925002,159.23000000,1.13690000,181.02858700,1586594080775,True,True
206,138925003,159.24000000,2.00000000,318.48000000,1586594080803,False,True
207,138925004,159.24000000,4.00000000,636.96000000,1586594080825,False,True
208,138925005,159.24000000,9.25048000,1473.04643520,1586594080880,False,True
209,138925006,159.29000000,0.07025000,11.19012250,1586594082103,False,True
210,138925007,159.27000000,2.83233000,451.10519910,1586594083775,True,True
211,138925008,159.27000000,1.00024000,159.30822480,1586594084959,True,True
212,138925009,159.29000000,0.10400000,16.56616000,1586594086395,False,True
213,138925010,159.29000000,0.00078000,0.12424620,1586594088171,False,True
214,138925011,159.32000000,0.44922000,71.56973040,1586594088171,False,True
215,138925012,159.30000000,0.99900000,159.14070000,1586594088359,True,True
216,138925013,159.28000000,1.01233000,161.24392240,1586594088871,True,True
217,138925014,159.32000000,0.07338000,11.69090160,1586594092323,False,True
218,138925015,159.29000000,1.69114000,269.38169060,1586594095994,True,True
219,138925016,159.31000000,3.87600000,617.48556000,1586594098509,False,True
220,138925017,159.31000000,0.40100000,63.88331000,1586594098610,False,True
221,138925018,159.28000000,11.32488000,1803.82688640,1586594101169,True,True
222,138925019,159.29000000,1.26308000,201.19601320,1586594101244,True,True
223,138925020,159.29000000,0.23492000,37.42040680,1586594101630,True,True
224,138925021,159.29000000,0.10600000,16.88474000,1586594101682,False,True
225,138925022,159.29000000,0.00069000,0.10991010,1586594102539,False,True
226,138925023,159.32000000,0.07480000,11.91713600,1586594102539,False,True
227,138925024,159.30000000,5.59700000,891.60210000,1586594103588,False,True
228,138925025,159.28000000,0.88530000,141.01058400,1586594103728,True,True
229,138925026,159.29000000,5.59700000,891.54613000,1586594103807,False,True
230,138925027,159.32000000,0.08166000,13.01007120,1586594104755,False,True
231,138925028,159.29000000,1.00146000,159.52256340,1586594105438,True,True
232,138925029,159.31000000,0.19887000,31.68197970,1586594109107,True,True
233,138925030,159.31000000,1.00039000,159.37213090,1586594109300,True,True
234,138925031,159.32000000,0.32094000,51.13216080,1586594109513,False,True
235,138925032,159.33000000,0.82105000,130.81789650,1586594110473,True,True
236,138925033,159.35000000,0.06902000,10.99833700,1586594112756,False,True
237,138925034,159.33000000,1.00062000,159.42878460,1586594112887,True,True
238,138925035,159.33000000,0.10178000,16.21660740,1586594114810,True,True
239,138925036,159.35000000,0.68977000,109.91484950,1586594115804,False,True
240,138925037,159.33000000,0.10587000,16.86826710,1586594116606,True,True
241,138925038,159.32000000,0.89447000,142.50696040,1586594116606,True,True
242,138925039,159.32000000,2.74370000,437.12628400,1586594117036,True,True
243,138925040,159.33000000,3.99393000,636.35286690,1586594117560,True,True
244,138925041,159.32000000,9.96807000,1588.11291240,1586594117560,True,True
245,138925042,159.32000000,17.81018000,2837.51787760,1586594117573,True,True
246,138925043,159.32000000,4.22782000,673.57628240,1586594117573,True,True
247,138925044,159.32000000,1.30000000,207.11600000,1586594117573,True,True
248,138925045,159.32000000,7.50000000,1194.90000000,1586594117575,True,True
249,138925046,159.31000000,1.00001000,159.31159310,1586594120474,True,True
250,138925047,159.31000000,0.41416000,65.97982960,1586594121376,True,True
251,138925048,159.31000000,0.41416000,65.97982960,1586594121816,True,True
252,138925049,159.30000000,6.51974000,1038.59458200,1586594122307,False,True
253,138925050,159.30000000,1.51626000,241.54021800,1586594122307,False,True
254,138925051,159.30000000,3.13100000,498.76830000,1586594122412,False,True
255,138925052,159.30000000,0.07341000,11.69421300,1586594122975,False,True
256,138925053,159.30000000,2.05628000,327.56540400,1586594123245,False,True
257,138925054,159.30000000,5.94372000,946.83459600,1586594123245,False,True
258,138925055,159.31000000,0.11295000,17.99406450,1586594123511,False,True
259,138925056,159.29000000,1.00022000,159.32504380,1586594124211,False,True
260,138925057,159.29000000,20.91078000,3330.87814620,1586594124211,False,True
261,138925058,159.29000000,2.08900000,332.75681000,1586594124323,False,True
262,138925059,159.29000000,6.72134000,1070.64224860,1586594124414,False,True
263,138925060,159.29000000,2.13966000,340.82644140,1586594124414,False,True
264,138925061,159.28000000,0.18834000,29.99879520,1586594129503,True,True
265,138925062,159.23000000,1.47483000,234.83718090,1586594129756,True,True
266,138925063,159.23000000,1.88323000,299.86671290,1586594130963,False,True
267,138925064,159.21000000,6.00000000,955.26000000,1586594131038,True,True
268,138925065,159.21000000,5.88963000,937.68799230,1586594131038,True,True
269,138925066,159.21000000,7.85437000,1250.49424770,1586594131038,True,True
270,138925067,159.20000000,0.12541000,19.96527200,1586594131697,True,True
271,138925068,159.21000000,0.07013000,11.16539730,1586594133196,False,True
272,138925069,159.22000000,0.07162000,11.40333640,1586594134057,False,True
273,138925070,159.21000000,0.17503000,27.86652630,1586594136704,False,True
274,138925071,159.21000000,0.36997000,58.90292370,1586594136704,False,True
275,138925072,159.22000000,4.96250000,790.12925000,1586594138054,False,True
276,138925073,159.21000000,0.07540000,12.00443400,1586594143416,False,True
277,138925074,159.20000000,0.87459000,139.23472800,1586594145078,True,True
278,138925075,159.20000000,0.13667000,21.75786400,1586594145078,True,True
279,138925076,159.19000000,1.98874000,316.58752060,1586594145078,True,True
280,138925077,159.18000000,0.20000000,31.83600000,1586594145179,True,True
281,138925078,159.21000000,1.49000000,237.22290000,1586594145475,False,True
282,138925079,159.19000000,1.86677000,297.17111630,1586594150092,True,True
283,138925080,159.19000000,3.26323000,519.47358370,1586594150092,True,True
284,138925081,159.21000000,3.34699000,532.87427790,1586594151301,True,True
285,138925082,159.20000000,1.65301000,263.15919200,1586594151301,True,True
286,138925083,159.22000000,0.99999000,159.21840780,1586594152565,False,True
287,138925084,159.22000000,0.00001000,0.00159220,1586594153633,False,True
288,138925085,159.25000000,0.07333000,11.67780250,1586594153633,False,True
289,138925086,159.23000000,0.67533000,107.53279590,1586594156769,False,True
290,138925087,159.23000000,0.98111000,156.22214530,1586594158411,False,True
291,138925088,159.22000000,4.17185000,664.24195700,1586594159710,True,True
292,138925089,159.21000000,35.82815000,5704.19976150,1586594159710,True,True
293,138925090,159.21000000,0.30000000,47.76300000,1586594160351,True,True
294,138925091,159.22000000,0.20800000,33.11776000,1586594160737,False,True
295,138925092,159.20000000,8.24500000,1312.60400000,1586594161247,False,True
296,138925093,159.20000000,0.47484000,75.59452800,1586594161274,False,True
297,138925094,159.20000000,0.13800000,21.96960000,1586594161356,False,True
298,138925095,159.20000000,16.06200000,2557.07040000,1586594161457,False,True
299,138925096,159.20000000,2.47800000,394.49760000,1586594161569,False,True
300,138925097,159.20000000,0.17400000,27.70080000,1586594161672,False,True
301,138925098,159.20000000,4.43308000,705.74633600,1586594161779,False,True
302,138925099,159.20000000,12.62573000,2010.01621600,1586594161779,False,True
303,138925100,159.20000000,5.58972000,889.88342400,1586594162736,False,True
304,138925101,159.20000000,0.07263000,11.56269600,1586594163849,False,True
305,138925102,159.20000000,14.21245000,2262.62204000,1586594163964,False,True
306,138925103,159.21000000,8.24500000,1312.68645000,1586594164498,False,True
307,138925104,159.20000000,1.49800000,238.48160000,1586594164716,True,True
308,138925105,159.20000000,0.37678000,59.98337600,1586594164716,True,True
309,138925106,159.21000000,8.24500000,1312.68645000,1586594164829,False,True
310,138925107,159.21000000,15.51400000,2469.98394000,1586594164919,False,True
311,138925108,159.24000000,0.13600000,21.65664000,1586594166966,True,True
312,138925109,159.25000000,1.00000000,159.25000000,1586594167114,False,True
313,138925110,159.28000000,1.50000000,238.92000000,1586594167114,False,True
314,138925111,159.24000000,0.17900000,28.50396000,1586594169357,True,True
315,138925112,159.26000000,0.07115000,11.33134900,1586594174068,False,True
316,138925113,159.26000000,1.99800000,318.20148000,1586594180296,True,True
317,138925114,159.27000000,0.07239000,11.52955530,1586594184284,False,True
318,138925115,159.26000000,3.91886000,624.11764360,1586594191034,False,True
319,138925116,159.27000000,0.07275000,11.58689250,1586594194504,False,True
320,138925117,159.26000000,0.17503000,27.87527780,1586594196602,True,True
321,138925118,159.27000000,0.01042000,1.65959340,1586594196759,False,True
322,138925119,159.27000000,1.00000000,159.27000000,1586594196759,False,True
323,138925120,159.27000000,7.23158000,1151.77374660,1586594196759,False,True
324,138925121,159.27000000,2.20900000,351.82743000,1586594198027,False,True
325,138925122,159.27000000,5.71826000,910.74727020,1586594198079,False,True
326,138925123,159.27000000,0.50000000,79.63500000,1586594198163,True,True
327,138925124,159.28000000,0.29567000,47.09431760,1586594198182,False,True
328,138925125,159.29000000,1.44300000,229.85547000,1586594199583,True,True
329,138925126,159.29000000,1.00000000,159.29000000,1586594200304,True,True
330,138925127,159.29000000,0.07064000,11.25224560,1586594204727,False,True
331,138925128,159.30000000,0.33980000,54.13014000,1586594205665,False,True
332,138925129,159.30000000,2.44000000,388.69200000,1586594205731,False,True
333,138925130,159.30000000,1.23859000,197.30738700,1586594206683,False,True
334,138925131,159.30000000,1.00000000,159.30000000,1586594206683,False,True
335,138925132,159.30000000,1.16141000,185.01261300,1586594206683,False,True
336,138925133,159.30000000,0.06341000,10.10121300,1586594207737,False,True
337,138925134,159.30000000,0.29998000,47.78681400,1586594212528,False,True
338,138925135,159.30000000,0.06996000,11.14462800,1586594214943,False,True
339,138925136,159.29000000,0.06550000,10.43349500,1586594215689,True,True
340,138925137,159.30000000,0.40324000,64.23613200,1586594216498,False,True
341,138925138,159.30000000,1.00000000,159.30000000,1586594216498,False,True
342,138925139,159.30000000,0.09676000,15.41386800,1586594216498,False,True
343,138925140,159.26000000,5.82497000,927.68472220,1586594220483,True,True
344,138925141,159.26000000,1.47481000,234.87824060,1586594220483,True,True
345,138925142,159.26000000,1.47481000,234.87824060,1586594220483,True,True
346,138925143,159.26000000,1.47481000,234.87824060,1586594220483,True,True
347,138925144,159.26000000,1.47481000,234.87824060,1586594220483,True,True
348,138925145,159.26000000,1.47481000,234.87824060,1586594220483,True,True
349,138925146,159.26000000,1.47481000,234.87824060,1586594220483,True,True
350,138925147,159.26000000,1.47481000,234.87824060,1586594220483,True,True
351,138925148,159.26000000,1.47481000,234.87824060,1586594220483,True,True
352,138925149,159.26000000,1.47481000,234.87824060,1586594220483,True,True
353,138925150,159.26000000,1.47481000,234.87824060,1586594220483,True,True
354,138925151,159.26000000,3.47462000,553.36798120,1586594220613,True,True
355,138925152,159.27000000,4.97100000,791.73117000,1586594222341,False,True
356,138925153,159.26000000,0.07568000,12.05279680,1586594225166,False,True
357,138925154,159.26000000,0.20370000,32.44126200,1586594226958,False,True
358,138925155,159.26000000,0.00380000,0.60518800,1586594226958,False,True
359,138925156,159.26000000,2.59678000,413.56318280,1586594227525,False,True
360,138925157,159.25000000,4.03037000,641.83642250,1586594228088,True,True
361,138925158,159.24000000,3.13874000,499.81295760,1586594228356,False,True
362,138925159,159.23000000,2.00000000,318.46000000,1586594228646,False,True
363,138925160,159.22000000,2.05200000,326.71944000,1586594230751,False,True
364,138925161,159.22000000,7.53600000,1199.88192000,1586594230843,False,True
365,138925162,159.22000000,0.51723000,82.35336060,1586594230974,False,True
366,138925163,159.22000000,0.07018000,11.17405960,1586594233387,False,True
367,138925164,159.22000000,0.09600000,15.28512000,1586594233448,False,True
368,138925165,159.22000000,8.24500000,1312.76890000,1586594233558,False,True
369,138925166,159.22000000,0.43402000,69.10466440,1586594235657,False,True
370,138925167,159.23000000,0.60000000,95.53800000,1586594243581,False,True
371,138925168,159.23000000,0.07294000,11.61423620,1586594243611,False,True
372,138925169,159.21000000,0.24200000,38.52882000,1586594243691,True,True
373,138925170,159.21000000,3.87943000,617.64405030,1586594245124,True,True
374,138925171,159.20000000,1.10563000,176.01629600,1586594245124,True,True
375,138925172,159.20000000,8.65648000,1378.11161600,1586594245124,True,True
376,138925173,159.19000000,2.25063000,358.27778970,1586594245239,False,True
377,138925174,159.19000000,0.74937000,119.29221030,1586594245350,False,True
378,138925175,159.19000000,3.13100000,498.42389000,1586594245454,False,True
379,138925176,159.20000000,0.51731000,82.35575200,1586594245594,False,True
380,138925177,159.18000000,60.11469000,9569.05635420,1586594250853,True,True
381,138925178,159.18000000,8.65557000,1377.79363260,1586594250853,True,True
382,138925179,159.18000000,12.78800000,2035.59384000,1586594250934,False,True
383,138925180,159.17000000,1.47565000,234.87921050,1586594250995,True,True
384,138925181,159.17000000,1.47565000,234.87921050,1586594250995,True,True
385,138925182,159.17000000,1.47565000,234.87921050,1586594250995,True,True
386,138925183,159.17000000,1.47565000,234.87921050,1586594250995,True,True
387,138925184,159.17000000,1.47565000,234.87921050,1586594250995,True,True
388,138925185,159.17000000,1.47565000,234.87921050,1586594250995,True,True
389,138925186,159.17000000,1.47565000,234.87921050,1586594250995,True,True
390,138925187,159.17000000,1.47565000,234.87921050,1586594250995,True,True
391,138925188,159.17000000,1.47565000,234.87921050,1586594250995,True,True
392,138925189,159.17000000,1.17917000,187.68848890,1586594250995,True,True
393,138925190,159.18000000,0.16273000,25.90336140,1586594251033,False,True
394,138925191,159.17000000,0.29648000,47.19072160,1586594251150,True,True
395,138925192,159.16000000,0.37681000,59.97307960,1586594251201,True,True
396,138925193,159.16000000,6.00000000,954.96000000,1586594251201,True,True
397,138925194,159.16000000,6.00000000,954.96000000,1586594251201,True,True
398,138925195,159.16000000,6.00000000,954.96000000,1586594251201,True,True
399,138925196,159.16000000,0.29648000,47.18775680,1586594251255,False,True
400,138925197,159.16000000,0.77822000,123.86149520,1586594251255,False,True
401,138925198,159.16000000,0.51733000,82.33824280,1586594251386,False,True
402,138925199,159.16000000,0.37150000,59.12794000,1586594251818,False,True
403,138925200,159.15000000,0.06289000,10.00894350,1586594252790,True,True
404,138925201,159.13000000,6.00000000,954.78000000,1586594252824,True,True
405,138925202,159.13000000,0.12531000,19.94058030,1586594252824,True,True
406,138925203,159.11000000,1.47601000,234.84795110,1586594252824,True,True
407,138925204,159.11000000,1.47601000,234.84795110,1586594252824,True,True
408,138925205,159.11000000,1.47601000,234.84795110,1586594252824,True,True
409,138925206,159.11000000,1.47601000,234.84795110,1586594252824,True,True
410,138925207,159.11000000,1.47601000,234.84795110,1586594252824,True,True
411,138925208,159.11000000,1.47601000,234.84795110,1586594252824,True,True
412,138925209,159.11000000,1.47601000,234.84795110,1586594252824,True,True
413,138925210,159.11000000,1.47601000,234.84795110,1586594252824,True,True
414,138925211,159.11000000,1.47601000,234.84795110,1586594252824,True,True
415,138925212,159.11000000,1.47601000,234.84795110,1586594252824,True,True
416,138925213,159.10000000,2.52171000,401.20406100,1586594252824,True,True
417,138925214,159.10000000,2.50000000,397.75000000,1586594252891,True,True
418,138925215,159.10000000,2.50000000,397.75000000,1586594252892,True,True
419,138925216,159.10000000,2.28409000,363.39871900,1586594252896,True,True
420,138925217,159.10000000,0.21591000,34.35128100,1586594252896,True,True
421,138925218,159.10000000,5.78409000,920.24871900,1586594252902,True,True
422,138925219,159.08000000,1.00000000,159.08000000,1586594253030,True,True
423,138925220,159.11000000,0.51764000,82.36170040,1586594253073,False,True
424,138925221,159.10000000,3.33800000,531.07580000,1586594253131,False,True
425,138925222,159.06000000,0.30077000,47.84047620,1586594253276,True,True
426,138925223,159.06000000,22.09400000,3514.27164000,1586594253276,True,True
427,138925224,159.06000000,0.09045000,14.38697700,1586594253347,False,True
428,138925225,159.06000000,5.90955000,939.97302300,1586594253347,False,True
429,138925226,159.06000000,0.07404000,11.77680240,1586594253826,False,True
430,138925227,159.06000000,8.53300000,1357.25898000,1586594253860,False,True
431,138925228,159.06000000,3.13100000,498.01686000,1586594253964,False,True
432,138925229,159.06000000,3.51597000,559.25018820,1586594254192,False,True
433,138925230,159.08000000,3.61410000,574.93102800,1586594254192,False,True
434,138925231,159.09000000,6.54203000,1040.77155270,1586594254192,False,True
435,138925232,159.09000000,3.51597000,559.35566730,1586594254260,False,True
436,138925233,159.09000000,5.47132000,870.43229880,1586594254260,False,True
437,138925234,159.07000000,1.55700000,247.67199000,1586594254361,True,True
438,138925235,159.09000000,5.31468000,845.51244120,1586594254388,False,True
439,138925236,159.04000000,0.92400000,146.95296000,1586594258153,True,True
440,138925237,159.04000000,1.85981000,295.78418240,1586594258245,False,True
441,138925238,159.04000000,1.14019000,181.33581760,1586594258245,False,True
442,138925239,159.02000000,0.50000000,79.51000000,1586594259110,True,True
443,138925240,159.02000000,0.10000000,15.90200000,1586594259110,True,True
444,138925241,159.02000000,3.14386000,499.93661720,1586594259110,True,True
445,138925242,159.02000000,0.25321000,40.26545420,1586594259110,True,True
446,138925243,159.03000000,3.00000000,477.09000000,1586594259615,False,True
447,138925244,159.04000000,0.07281000,11.57970240,1586594262786,False,True
448,138925245,159.05000000,0.07134000,11.34662700,1586594264061,False,True
449,138925246,159.04000000,0.19894000,31.63941760,1586594265468,True,True
450,138925247,159.04000000,3.04649000,484.51376960,1586594265681,True,True
451,138925248,159.02000000,1.00000000,159.02000000,1586594266551,True,True
452,138925249,159.04000000,3.10300000,493.50112000,1586594267483,False,True
453,138925250,159.05000000,5.04358000,802.18139900,1586594267483,False,True
454,138925251,159.04000000,1.49800000,238.24192000,1586594269171,False,True
455,138925252,159.04000000,0.07048000,11.20913920,1586594270009,True,True
456,138925253,159.04000000,4.15567000,660.91775680,1586594273499,True,True
457,138925254,159.04000000,18.98000000,3018.57920000,1586594273499,True,True
458,138925255,159.04000000,0.07399000,11.76736960,1586594274270,False,True
459,138925256,159.04000000,83.88502000,13341.07358080,1586594275469,False,True
460,138925257,159.04000000,0.00001000,0.00159040,1586594275602,False,True
461,138925258,159.05000000,1.00000000,159.05000000,1586594275602,False,True
462,138925259,159.07000000,0.99999000,159.06840930,1586594275718,False,True
463,138925260,159.07000000,0.00001000,0.00159070,1586594275907,False,True
464,138925261,159.08000000,0.17503000,27.84377240,1586594275907,False,True
465,138925262,159.09000000,25.54476000,4063.91586840,1586594276118,False,True
466,138925263,159.09000000,0.19700000,31.34073000,1586594276211,True,True
467,138925264,159.09000000,0.17400000,27.68166000,1586594276341,True,True
468,138925265,159.09000000,0.21300000,33.88617000,1586594276423,True,True
469,138925266,159.09000000,0.16300000,25.93167000,1586594276573,True,True
470,138925267,159.09000000,0.17500000,27.84075000,1586594276743,True,True
471,138925268,159.09000000,0.19100000,30.38619000,1586594276841,True,True
472,138925269,159.09000000,0.16900000,26.88621000,1586594276955,True,True
473,138925270,159.08000000,1.00000000,159.08000000,1586594277712,True,True
474,138925271,159.08000000,1.40000000,222.71200000,1586594283458,False,True
475,138925272,159.08000000,2.00000000,318.16000000,1586594283956,False,True
476,138925273,159.09000000,0.07239000,11.51652510,1586594284488,False,True
477,138925274,159.10000000,0.08227000,13.08915700,1586594287130,False,True
478,138925275,159.14000000,0.07220000,11.48990800,1586594294693,False,True
479,138925276,159.12000000,1.51900000,241.70328000,1586594297641,True,True
480,138925277,159.08000000,0.44700000,71.10876000,1586594303305,True,True
481,138925278,159.12000000,0.06997000,11.13362640,1586594304912,False,True
482,138925279,159.08000000,1.18000000,187.71440000,1586594307816,True,True
483,138925280,159.08000000,16.54731000,2632.34607480,1586594308633,True,True
484,138925281,159.09000000,0.62000000,98.63580000,1586594310921,True,True
485,138925282,159.08000000,2.52532000,401.72790560,1586594310921,True,True
486,138925283,159.14000000,0.07130000,11.34668200,1586594315142,False,True
487,138925284,159.14000000,0.14200000,22.59788000,1586594318236,True,True
488,138925285,159.14000000,1.23237000,196.11936180,1586594320295,True,True
489,138925286,159.13000000,0.07433000,11.82813290,1586594323352,False,True
490,138925287,159.14000000,1.66633000,265.17975620,1586594333453,False,True
491,138925288,159.15000000,0.17504000,27.85761600,1586594333453,False,True
492,138925289,159.15000000,4.07418000,648.40574700,1586594333453,False,True
493,138925290,159.17000000,0.06923000,11.01933910,1586594333572,False,True
494,138925291,159.13000000,0.06499000,10.34185870,1586594336658,True,True
495,138925292,159.12000000,0.03501000,5.57079120,1586594336658,True,True
496,138925293,159.16000000,0.07439000,11.83991240,1586594343793,False,True
497,138925294,159.15000000,0.20900000,33.26235000,1586594343987,True,True
498,138925295,159.14000000,1.10700000,176.16798000,1586594344185,True,True
499,138925296,159.16000000,0.11758000,18.71403280,1586594344303,False,True
