,id,price,qty,quoteQty,time,isBuyerMaker,isBestMatch
0,139200786,161.97000000,0.07140000,11.56465800,1586716706016,True,True
1,139200787,161.97000000,0.29998000,48.58776060,1586716706795,False,True
2,139200788,161.98000000,1.00023000,162.01725540,1586716707238,False,True
3,139200789,161.98000000,0.29996000,48.58752080,1586716709810,False,True
4,139200790,161.98000000,1.00063000,162.08204740,1586716710420,False,True
5,139200791,161.96000000,0.00046000,0.07450160,1586716711582,True,True
6,139200792,161.96000000,0.24772000,40.12073120,1586716711582,True,True
7,139200793,161.96000000,1.17335000,190.03576600,1586716711582,True,True
8,139200794,161.97000000,0.29998000,48.58776060,1586716712805,False,True
9,139200795,161.97000000,1.00045000,162.04288650,1586716713490,False,True
10,139200796,161.97000000,3.08700000,500.00139000,1586716713679,False,True
11,139200797,161.96000000,1.27746000,206.89742160,1586716713787,True,True
12,139200798,161.96000000,0.24054000,38.95785840,1586716713787,True,True
13,139200799,161.97000000,0.29998000,48.58776060,1586716715817,False,True
14,139200800,161.96000000,0.00011000,0.01781560,1586716716220,True,True
15,139200801,161.95000000,0.07453000,12.07013350,1586716716220,True,True
16,139200802,161.96000000,5.12426000,829.92514960,1586716716519,True,True
17,139200803,161.95000000,0.29597000,47.93234150,1586716716519,True,True
18,139200804,161.95000000,0.36230000,58.67448500,1586716716519,True,True
19,139200805,161.95000000,2.29241000,371.25579950,1586716716519,True,True
20,139200806,161.95000000,1.92506000,311.76346700,1586716716519,True,True
21,139200807,161.96000000,1.02726000,166.37502960,1586716716557,False,True
22,139200808,161.96000000,0.17646000,28.57946160,1586716717490,True,True
23,139200809,161.97000000,0.33038000,53.51164860,1586716718367,False,True
24,139200810,161.97000000,0.29998000,48.58776060,1586716718824,False,True
25,139200811,161.97000000,1.00018000,161.99915460,1586716719536,False,True
26,139200812,161.97000000,0.67210000,108.86003700,1586716720122,False,True
27,139200813,161.97000000,0.43881000,71.07405570,1586716720125,False,True
28,139200814,161.97000000,1.00038000,162.03154860,1586716722515,False,True
29,139200815,161.96000000,2.49750000,404.49510000,1586716724044,True,True
30,139200816,161.97000000,1.00022000,162.00563340,1586716725591,False,True
31,139200817,161.96000000,0.06971000,11.29023160,1586716726438,True,True
32,139200818,161.96000000,0.66381000,107.51066760,1586716726462,True,True
33,139200819,161.95000000,0.37050000,60.00247500,1586716726614,True,True
34,139200820,161.95000000,0.32700000,52.95765000,1586716727964,True,True
35,139200821,161.96000000,0.06175000,10.00103000,1586716727983,False,True
36,139200822,161.96000000,1.00052000,162.04421920,1586716728664,False,True
37,139200823,161.96000000,0.27170000,44.00453200,1586716729356,False,True
38,139200824,161.96000000,1.00006000,161.96971760,1586716731841,False,True
39,139200825,161.95000000,0.04350000,7.04482500,1586716733747,True,True
40,139200826,161.95000000,0.13588000,22.00576600,1586716733747,True,True
41,139200827,161.94000000,15.00000000,2429.10000000,1586716733790,True,True
42,139200828,161.94000000,6.20297000,1004.50896180,1586716733791,True,True
43,139200829,161.94000000,9.67266000,1566.39056040,1586716733799,True,True
44,139200830,161.91000000,0.12349000,19.99426590,1586716734812,True,True
45,139200831,161.89000000,3.08832000,499.96812480,1586716734883,True,True
46,139200832,161.90000000,1.01136000,163.73918400,1586716735043,False,True
47,139200833,161.88000000,1.75282000,283.74650160,1586716735542,False,True
48,139200834,161.88000000,0.07125000,11.53395000,1586716736665,True,True
49,139200835,161.88000000,7.69110000,1245.03526800,1586716736931,True,True
50,139200836,161.88000000,1.31798000,213.35460240,1586716736931,True,True
51,139200837,161.88000000,0.24690000,39.96817200,1586716738031,False,True
52,139200838,161.90000000,0.75335000,121.96736500,1586716738031,False,True
53,139200839,161.89000000,0.12350000,19.99341500,1586716738155,False,True
54,139200840,161.90000000,0.93761000,151.79905900,1586716738155,False,True
55,139200841,161.90000000,10.88200000,1761.79580000,1586716740133,False,True
56,139200842,161.89000000,5.00000000,809.45000000,1586716740196,True,True
57,139200843,161.90000000,0.00037000,0.05990300,1586716741163,False,True
58,139200844,161.94000000,1.01764000,164.79662160,1586716741163,False,True
59,139200845,161.92000000,0.12349000,19.99550080,1586716742133,True,True
60,139200846,161.90000000,0.93989000,152.16819100,1586716742217,True,True
61,139200847,161.90000000,0.99631000,161.30258900,1586716742217,True,True
62,139200848,161.90000000,7.39855000,1197.82524500,1586716742217,True,True
63,139200849,161.88000000,0.12352000,19.99541760,1586716742337,True,True
64,139200850,161.88000000,0.98397000,159.28506360,1586716742374,False,True
65,139200851,161.87000000,0.46324000,74.98465880,1586716742485,False,True
66,139200852,161.88000000,2.62645000,425.16972600,1586716742732,False,True
67,139200853,161.88000000,1.00023000,161.91723240,1586716744058,False,True
68,139200854,161.87000000,0.10944000,17.71505280,1586716744379,True,True
69,139200855,161.85000000,0.06796000,10.99932600,1586716744379,True,True
70,139200856,161.82000000,0.28900000,46.76598000,1586716744379,True,True
71,139200857,161.81000000,0.06517000,10.54515770,1586716744379,True,True
72,139200858,161.81000000,0.16100000,26.05141000,1586716744379,True,True
73,139200859,161.81000000,0.20397000,33.00438570,1586716744379,True,True
74,139200860,161.81000000,10.78600000,1745.28266000,1586716744379,True,True
75,139200861,161.80000000,0.12037000,19.47586600,1586716744379,True,True
76,139200862,161.80000000,0.20000000,32.36000000,1586716744379,True,True
77,139200863,161.80000000,1.59392000,257.89625600,1586716744379,True,True
78,139200864,161.80000000,8.00000000,1294.40000000,1586716744379,True,True
79,139200865,161.80000000,7.56235000,1223.58823000,1586716744379,True,True
80,139200866,161.79000000,1.07119000,173.30783010,1586716744379,True,True
81,139200867,161.79000000,36.00000000,5824.44000000,1586716744379,True,True
82,139200868,161.79000000,30.36946000,4913.47493340,1586716744379,True,True
83,139200869,161.79000000,0.83256000,134.69988240,1586716744379,True,True
84,139200870,161.78000000,0.31416000,50.82480480,1586716744379,True,True
85,139200871,161.78000000,0.52174000,84.40709720,1586716744379,True,True
86,139200872,161.78000000,12.36247000,2000.00039660,1586716744379,True,True
87,139200873,161.78000000,6.00000000,970.68000000,1586716744379,True,True
88,139200874,161.78000000,3.08880000,499.70606400,1586716744379,True,True
89,139200875,161.78000000,0.52174000,84.40709720,1586716744379,True,True
90,139200876,161.78000000,0.52174000,84.40709720,1586716744379,True,True
91,139200877,161.78000000,0.52174000,84.40709720,1586716744379,True,True
92,139200878,161.78000000,0.36750000,59.45415000,1586716744379,True,True
93,139200879,161.78000000,4.74960000,768.39028800,1586716744539,False,True
94,139200880,161.78000000,5.00000000,808.90000000,1586716744580,False,True
95,139200881,161.78000000,3.57540000,578.42821200,1586716744629,False,True
96,139200882,161.78000000,181.13554000,29304.10766120,1586716744665,False,True
97,139200883,161.78000000,0.00001000,0.00161780,1586716744729,False,True
98,139200884,161.80000000,0.18709000,30.27116200,1586716744729,False,True
99,139200885,161.80000000,0.14400000,23.29920000,1586716744781,False,True
100,139200886,161.80000000,2.00000000,323.60000000,1586716744844,False,True
101,139200887,161.80000000,0.11500000,18.60700000,1586716744884,False,True
102,139200888,161.80000000,0.65440000,105.88192000,1586716744916,False,True
103,139200889,161.80000000,3.92947000,635.78824600,1586716744919,False,True
104,139200890,161.80000000,0.45020000,72.84236000,1586716744960,False,True
105,139200891,161.80000000,11.02300000,1783.52140000,1586716744983,False,True
106,139200892,161.80000000,0.00028000,0.04530400,1586716745029,False,True
107,139200893,161.83000000,0.80869000,130.87030270,1586716745368,True,True
108,139200894,161.85000000,0.12300000,19.90755000,1586716746591,False,True
109,139200895,161.84000000,2.11598000,342.45020320,1586716746868,True,True
110,139200896,161.85000000,0.00049000,0.07930650,1586716746872,False,True
111,139200897,161.88000000,1.00016000,161.90590080,1586716746872,False,True
112,139200898,161.85000000,0.07035000,11.38614750,1586716746898,True,True
113,139200899,161.87000000,2.24982000,364.17836340,1586716747068,True,True
114,139200900,161.85000000,4.49995000,728.31690750,1586716747657,False,True
115,139200901,161.85000000,0.62700000,101.47995000,1586716747724,False,True
116,139200902,161.87000000,0.12300000,19.91001000,1586716747834,False,True
117,139200903,161.87000000,0.00052000,0.08417240,1586716748718,False,True
118,139200904,161.88000000,0.13500000,21.85380000,1586716748788,False,True
119,139200905,161.88000000,6.85600000,1109.84928000,1586716749096,False,True
120,139200906,161.88000000,0.00084000,0.13597920,1586716749947,False,True
121,139200907,161.93000000,0.99953000,161.85389290,1586716749947,False,True
122,139200908,161.88000000,0.12351000,19.99379880,1586716750532,True,True
123,139200909,161.85000000,1.85356000,299.99868600,1586716750532,True,True
124,139200910,161.84000000,31.16855000,5044.31813200,1586716750532,True,True
125,139200911,161.85000000,0.12354000,19.99494900,1586716750874,True,True
126,139200912,161.80000000,4.87646000,789.01122800,1586716750874,True,True
127,139200913,161.83000000,2.99944000,485.39937520,1586716751099,False,True
128,139200914,161.83000000,2.10023000,339.88022090,1586716751148,False,True
129,139200915,161.84000000,0.37712000,61.03310080,1586716751148,False,True
130,139200916,161.84000000,1.15267000,186.54811280,1586716751242,False,True
131,139200917,161.85000000,0.12300000,19.90755000,1586716751530,False,True
132,139200918,161.84000000,0.19959000,32.30164560,1586716752002,True,True
133,139200919,161.85000000,0.00050000,0.08092500,1586716752199,False,True
134,139200920,161.86000000,0.24950000,40.38407000,1586716752199,False,True
135,139200921,161.86000000,0.12300000,19.90878000,1586716752474,False,True
136,139200922,161.86000000,3.86558000,625.68277880,1586716752541,False,True
137,139200923,161.86000000,0.12300000,19.90878000,1586716752580,False,True
138,139200924,161.86000000,0.62700000,101.48622000,1586716752913,False,True
139,139200925,161.86000000,1.00026000,161.90208360,1586716752923,False,True
140,139200926,161.83000000,5.12822000,829.89984260,1586716753451,True,True
141,139200927,161.83000000,7.03623000,1138.67310090,1586716753451,True,True
142,139200928,161.83000000,7.38901000,1195.76348830,1586716753451,True,True
143,139200929,161.85000000,0.12300000,19.90755000,1586716753751,False,True
144,139200930,161.82000000,0.23593000,38.17819260,1586716754262,True,True
145,139200931,161.82000000,0.13400000,21.68388000,1586716754388,False,True
146,139200932,161.82000000,0.62800000,101.62296000,1586716754484,False,True
147,139200933,161.81000000,0.12356000,19.99324360,1586716754579,True,True
148,139200934,161.81000000,2.45744000,397.63836640,1586716754579,True,True
149,139200935,161.82000000,1.47700000,239.00814000,1586716754585,False,True
150,139200936,161.82000000,0.24600000,39.80772000,1586716755682,False,True
151,139200937,161.82000000,1.00028000,161.86530960,1586716756316,False,True
152,139200938,161.82000000,5.62255000,909.84104100,1586716756334,False,True
153,139200939,161.81000000,0.51322000,83.04412820,1586716756886,True,True
154,139200940,161.83000000,2.40467000,389.14774610,1586716756963,False,True
155,139200941,161.82000000,0.07340000,11.87758800,1586716757132,True,True
156,139200942,161.84000000,0.24600000,39.81264000,1586716758635,False,True
157,139200943,161.84000000,1.00029000,161.88693360,1586716759490,False,True
158,139200944,161.84000000,0.60755000,98.32589200,1586716760174,False,True
159,139200945,161.85000000,0.00055000,0.08901750,1586716760535,False,True
160,139200946,161.85000000,0.24545000,39.72608250,1586716760535,False,True
161,139200947,161.83000000,3.32856000,538.66086480,1586716761112,True,True
162,139200948,161.83000000,5.59001000,904.63131830,1586716761112,True,True
163,139200949,161.82000000,0.12357000,19.99609740,1586716761112,True,True
164,139200950,161.82000000,60.00000000,9709.20000000,1586716761112,True,True
165,139200951,161.82000000,6.01006000,972.54790920,1586716761112,True,True
166,139200952,161.80000000,1.41216000,228.48748800,1586716761112,True,True
167,139200953,161.80000000,8.10264000,1311.00715200,1586716761112,True,True
168,139200954,161.80000000,2.03992000,330.05905600,1586716761112,True,True
169,139200955,161.80000000,10.78600000,1745.17480000,1586716761112,True,True
170,139200956,161.80000000,8.00000000,1294.40000000,1586716761144,False,True
171,139200957,161.79000000,1.13000000,182.82270000,1586716761196,True,True
172,139200958,161.79000000,6.87000000,1111.49730000,1586716761196,True,True
173,139200959,161.80000000,1.17723000,190.47581400,1586716761334,False,True
174,139200960,161.80000000,0.24600000,39.80280000,1586716761482,False,True
175,139200961,161.80000000,11.20800000,1813.45440000,1586716761674,False,True
176,139200962,161.80000000,8.78500000,1421.41300000,1586716761772,False,True
177,139200963,161.80000000,0.13900000,22.49020000,1586716761873,False,True
178,139200964,161.80000000,1.00066000,161.90678800,1586716762222,False,True
179,139200965,161.80000000,1.32700000,214.70860000,1586716762301,False,True
180,139200966,161.80000000,0.00019000,0.03074200,1586716765037,False,True
181,139200967,161.83000000,1.00002000,161.83323660,1586716765037,False,True
182,139200968,161.82000000,0.17450000,28.23759000,1586716765053,False,True
183,139200969,161.80000000,0.07227000,11.69328600,1586716767347,True,True
184,139200970,161.80000000,0.05131000,8.30195800,1586716767506,True,True
185,139200971,161.79000000,0.09842000,15.92337180,1586716767506,True,True
186,139200972,161.78000000,2.13100000,344.75318000,1586716767511,True,True
187,139200973,161.78000000,0.12360000,19.99600800,1586716767678,True,True
188,139200974,161.77000000,0.50000000,80.88500000,1586716767678,True,True
189,139200975,161.77000000,0.72640000,117.50972800,1586716767678,True,True
190,139200976,161.78000000,0.40220000,65.06791600,1586716767929,False,True
191,139200977,161.78000000,1.00066000,161.88677480,1586716768110,False,True
192,139200978,161.77000000,0.12350000,19.97859500,1586716768460,True,True
193,139200979,161.76000000,0.07631000,12.34390560,1586716768973,True,True
194,139200980,161.77000000,0.32886000,53.19968220,1586716769410,False,True
195,139200981,161.78000000,2.50000000,404.45000000,1586716770124,False,True
196,139200982,161.77000000,1.71009000,276.64125930,1586716770144,False,True
197,139200983,161.78000000,0.78991000,127.79163980,1586716770144,False,True
198,139200984,161.77000000,1.03151000,166.86737270,1586716770601,False,True
199,139200985,161.77000000,1.00001000,161.77161770,1586716772522,False,True
200,139200986,161.76000000,0.06418000,10.38175680,1586716773223,True,True
201,139200987,161.76000000,0.15302000,24.75251520,1586716773223,True,True
202,139200988,161.75000000,0.62500000,101.09375000,1586716773223,True,True
203,139200989,161.75000000,0.24730000,40.00077500,1586716773223,True,True
204,139200990,161.74000000,1.79323000,290.03702020,1586716773223,True,True
205,139200991,161.73000000,2.76990000,447.97592700,1586716773223,True,True
206,139200992,161.72000000,0.07215000,11.66809800,1586716773223,True,True
207,139200993,161.72000000,0.07402000,11.97051440,1586716773223,True,True
208,139200994,161.72000000,4.90994000,794.03549680,1586716773223,True,True
209,139200995,161.72000000,0.49240000,79.63092800,1586716773223,True,True
210,139200996,161.72000000,12.74803000,2061.61141160,1586716773223,True,True
211,139200997,161.74000000,2.22026000,359.10485240,1586716773313,False,True
212,139200998,161.74000000,12.03711000,1946.88217140,1586716773557,False,True
213,139200999,161.74000000,0.07262000,11.74555880,1586716773565,False,True
214,139201000,161.75000000,0.07262000,11.74628500,1586716774352,False,True
215,139201001,161.77000000,0.93004000,150.45257080,1586716774352,False,True
216,139201002,161.76000000,0.06186000,10.00647360,1586716774462,False,True
217,139201003,161.76000000,0.07262000,11.74701120,1586716774532,False,True
218,139201004,161.76000000,0.11000000,17.79360000,1586716774788,False,True
219,139201005,161.73000000,0.12363000,19.99467990,1586716774940,True,True
220,139201006,161.72000000,0.52638000,85.12617360,1586716774940,True,True
221,139201007,161.72000000,0.23764000,38.43114080,1586716774940,True,True
222,139201008,161.73000000,0.12363000,19.99467990,1586716775177,True,True
223,139201009,161.72000000,2.01550000,325.94666000,1586716775177,True,True
224,139201010,161.71000000,0.28900000,46.73419000,1586716775177,True,True
225,139201011,161.71000000,0.07577000,12.25276670,1586716775177,True,True
226,139201012,161.71000000,0.10444000,16.88899240,1586716775177,True,True
227,139201013,161.71000000,0.12368000,20.00029280,1586716775177,True,True
228,139201014,161.71000000,0.06897000,11.15313870,1586716775177,True,True
229,139201015,161.71000000,9.00000000,1455.39000000,1586716775177,True,True
230,139201016,161.71000000,6.00000000,970.26000000,1586716775177,True,True
231,139201017,161.71000000,1.07195000,173.34503450,1586716775177,True,True
232,139201018,161.70000000,0.61842000,99.99851400,1586716775177,True,True
233,139201019,161.70000000,3.90672000,631.71662400,1586716775177,True,True
234,139201020,161.70000000,38.47199000,6220.92078300,1586716775177,True,True
235,139201021,161.70000000,2.80000000,452.76000000,1586716775177,True,True
236,139201022,161.73000000,0.14300000,23.12739000,1586716775523,False,True
237,139201023,161.71000000,0.12364000,19.99382440,1586716775570,True,True
238,139201024,161.70000000,5.73801000,927.83621700,1586716775570,True,True
239,139201025,161.70000000,3.08985000,499.62874500,1586716775570,True,True
240,139201026,161.70000000,0.40316000,65.19097200,1586716775570,True,True
241,139201027,161.69000000,3.08985000,499.59784650,1586716775570,True,True
242,139201028,161.69000000,11.89026000,1922.53613940,1586716775570,True,True
243,139201029,161.72000000,4.67000000,755.23240000,1586716775633,False,True
244,139201030,161.74000000,0.24996000,40.42853040,1586716776219,False,True
245,139201031,161.77000000,0.75020000,121.35985400,1586716776219,False,True
246,139201032,161.76000000,0.12300000,19.89648000,1586716776693,False,True
247,139201033,161.74000000,0.07033000,11.37517420,1586716777567,True,True
248,139201034,161.73000000,0.12363000,19.99467990,1586716777970,True,True
249,139201035,161.70000000,0.86220000,139.41774000,1586716777970,True,True
250,139201036,161.72000000,0.21888000,35.39727360,1586716778048,True,True
251,139201037,161.71000000,0.12363000,19.99220730,1586716778048,True,True
252,139201038,161.71000000,0.65749000,106.32270790,1586716778048,True,True
253,139201039,161.72000000,0.12364000,19.99506080,1586716778103,True,True
254,139201040,161.70000000,3.09195000,499.96831500,1586716778103,True,True
255,139201041,161.69000000,1.00000000,161.69000000,1586716778114,True,True
256,139201042,161.70000000,0.73589000,118.99341300,1586716778116,False,True
257,139201043,161.74000000,0.24791000,40.09696340,1586716778116,False,True
258,139201044,161.74000000,0.04610000,7.45621400,1586716778116,False,True
259,139201045,161.72000000,7.64800000,1236.83456000,1586716778250,False,True
260,139201046,161.72000000,0.08000000,12.93760000,1586716778286,False,True
261,139201047,161.71000000,3.07700000,497.58167000,1586716778571,False,True
262,139201048,161.73000000,0.11000000,17.79030000,1586716779756,False,True
263,139201049,161.73000000,0.01364000,2.20599720,1586716779996,False,True
264,139201050,161.73000000,0.98652000,159.54987960,1586716779996,False,True
265,139201051,161.73000000,0.30000000,48.51900000,1586716780448,False,True
266,139201052,161.73000000,1.21300000,196.17849000,1586716780477,False,True
267,139201053,161.77000000,1.00123000,161.96897710,1586716782037,False,True
268,139201054,161.76000000,1.00073000,161.87808480,1586716784116,False,True
269,139201055,161.75000000,0.12362000,19.99553500,1586716784934,True,True
270,139201056,161.75000000,0.08201000,13.26511750,1586716784934,True,True
271,139201057,161.70000000,0.22664000,36.64768800,1586716784934,True,True
272,139201058,161.75000000,0.12362000,19.99553500,1586716786167,False,True
273,139201059,161.77000000,0.87641000,141.77684570,1586716786167,False,True
274,139201060,161.78000000,0.17645000,28.54608100,1586716786584,False,True
275,139201061,161.79000000,0.02375000,3.84251250,1586716786584,False,True
276,139201062,161.78000000,5.12997000,829.92654660,1586716786794,True,True
277,139201063,161.78000000,0.18000000,29.12040000,1586716786794,True,True
278,139201064,161.77000000,4.69003000,758.70615310,1586716786794,True,True
279,139201065,161.76000000,0.07073000,11.44128480,1586716787788,True,True
280,139201066,161.78000000,0.14371000,23.24940380,1586716788325,False,True
281,139201067,161.78000000,1.00040000,161.84471200,1586716788481,False,True
282,139201068,161.78000000,0.41800000,67.62404000,1586716789511,True,True
283,139201069,161.79000000,0.07073000,11.44340670,1586716790972,False,True
284,139201070,161.80000000,7.92927000,1282.95588600,1586716790972,False,True
285,139201071,161.80000000,1.06062000,171.60831600,1586716790979,False,True
286,139201072,161.80000000,6.70000000,1084.06000000,1586716790980,False,True
287,139201073,161.77000000,1.00142000,161.99971340,1586716793234,False,True
288,139201074,161.79000000,5.12965000,829.92607350,1586716795223,True,True
289,139201075,161.79000000,52.81235000,8544.51010650,1586716795223,True,True
290,139201076,161.80000000,1.01229000,163.78852200,1586716795814,False,True
291,139201077,161.77000000,5.13028000,829.92539560,1586716797147,False,True
292,139201078,161.77000000,17.50629000,2831.99253330,1586716797147,False,True
293,139201079,161.77000000,3.58957000,580.68473890,1586716797649,False,True
294,139201080,161.76000000,0.05288000,8.55386880,1586716798003,True,True
295,139201081,161.76000000,0.01732000,2.80168320,1586716798003,True,True
296,139201082,161.77000000,1.00115000,161.95603550,1586716798332,False,True
297,139201083,161.77000000,0.10000000,16.17700000,1586716800299,False,True
298,139201084,161.78000000,1.02666000,166.09305480,1586716800970,False,True
299,139201085,161.78000000,10.08779000,1632.00266620,1586716801913,False,True
300,139201086,161.78000000,0.00001000,0.00161780,1586716802030,False,True
301,139201087,161.80000000,0.12363000,20.00333400,1586716802093,False,True
302,139201088,161.80000000,0.22183000,35.89209400,1586716802151,False,True
303,139201089,161.80000000,1.96793000,318.41107400,1586716802151,False,True
304,139201090,161.80000000,3.36214000,543.99425200,1586716802151,False,True
305,139201091,161.80000000,6.30482000,1020.11987600,1586716802151,False,True
306,139201092,161.82000000,10.28270000,1663.94651400,1586716802313,False,True
307,139201093,161.82000000,1.39934000,226.44119880,1586716802313,False,True
308,139201094,161.82000000,2.73157000,442.02265740,1586716802313,False,True
309,139201095,161.82000000,1.39934000,226.44119880,1586716802508,False,True
310,139201096,161.83000000,0.27336000,44.23784880,1586716802759,True,True
311,139201097,161.82000000,0.12356000,19.99447920,1586716802940,True,True
312,139201098,161.80000000,0.08488000,13.73358400,1586716802940,True,True
313,139201099,161.80000000,2.22769000,360.44024200,1586716802940,True,True
314,139201100,161.84000000,1.05465000,170.68455600,1586716803258,False,True
315,139201101,161.84000000,1.00000000,161.84000000,1586716803262,False,True
316,139201102,161.84000000,3.72537000,602.91388080,1586716803275,False,True
317,139201103,161.84000000,12.62563000,2043.33195920,1586716803275,False,True
318,139201104,161.85000000,0.17644000,28.55681400,1586716803704,False,True
319,139201105,161.85000000,1.39905000,226.43624250,1586716803704,False,True
320,139201106,161.84000000,0.07640000,12.36457600,1586716803867,True,True
321,139201107,161.83000000,5.12822000,829.89984260,1586716803867,True,True
322,139201108,161.82000000,4.79538000,775.98839160,1586716803867,True,True
323,139201109,161.84000000,1.39905000,226.42225200,1586716803885,False,True
324,139201110,161.85000000,1.39905000,226.43624250,1586716804009,False,True
325,139201111,161.85000000,1.39905000,226.43624250,1586716804009,False,True
326,139201112,161.85000000,1.39905000,226.43624250,1586716804009,False,True
327,139201113,161.85000000,0.93106000,150.69206100,1586716804009,False,True
328,139201114,161.86000000,6.00000000,971.16000000,1586716804122,False,True
329,139201115,161.87000000,36.00000000,5827.32000000,1586716804122,False,True
330,139201116,161.87000000,1.85334000,300.00014580,1586716804122,False,True
331,139201117,161.88000000,6.72154000,1088.08289520,1586716804238,False,True
332,139201118,161.89000000,6.00000000,971.34000000,1586716804238,False,True
333,139201119,161.89000000,0.37178000,60.18746420,1586716804238,False,True
334,139201120,161.88000000,0.12353000,19.99703640,1586716804334,True,True
335,139201121,161.90000000,0.29998000,48.56676200,1586716804379,False,True
336,139201122,161.87000000,0.12353000,19.99580110,1586716804432,True,True
337,139201123,161.87000000,0.91513000,148.13209310,1586716804432,True,True
338,139201124,161.88000000,0.12352000,19.99541760,1586716804579,True,True
339,139201125,161.86000000,0.58351000,94.44692860,1586716804579,True,True
340,139201126,161.87000000,1.00036000,161.92827320,1586716805111,False,True
341,139201127,161.87000000,0.15800000,25.57546000,1586716805147,False,True
342,139201128,161.87000000,0.50000000,80.93500000,1586716805843,False,True
343,139201129,161.86000000,0.07259000,11.74941740,1586716806221,True,True
344,139201130,161.86000000,2.00000000,323.72000000,1586716806320,True,True
345,139201131,161.86000000,4.91370000,795.33148200,1586716806815,True,True
346,139201132,161.86000000,9.26355000,1499.39820300,1586716806815,True,True
347,139201133,161.86000000,0.06779000,10.97248940,1586716806815,True,True
348,139201134,161.85000000,1.00117000,162.03936450,1586716807120,False,True
349,139201135,161.85000000,0.17700000,28.64745000,1586716807139,False,True
350,139201136,161.85000000,0.29998000,48.55176300,1586716807388,False,True
351,139201137,161.85000000,0.21300000,34.47405000,1586716807888,False,True
352,139201138,161.85000000,2.00000000,323.70000000,1586716808167,False,True
353,139201139,161.86000000,2.28315000,369.55065900,1586716808794,False,True
354,139201140,161.86000000,1.82506000,295.40421160,1586716808794,False,True
355,139201141,161.86000000,0.90300000,146.15958000,1586716808921,False,True
356,139201142,161.86000000,30.25553000,4897.16008580,1586716809148,False,True
357,139201143,161.87000000,0.28911000,46.79823570,1586716809148,False,True
358,139201144,161.88000000,1.54436000,250.00099680,1586716809148,False,True
359,139201145,161.89000000,10.78600000,1746.14554000,1586716809148,False,True
360,139201146,161.90000000,0.12353000,19.99950700,1586716809148,False,True
361,139201147,161.90000000,4.63347000,750.15879300,1586716809148,False,True
362,139201148,161.91000000,5.72065000,926.23044150,1586716809167,False,True
363,139201149,161.91000000,60.00000000,9714.60000000,1586716809167,False,True
364,139201150,161.91000000,1.39873000,226.46837430,1586716809167,False,True
365,139201151,161.90000000,0.17492000,28.31954800,1586716809257,True,True
366,139201152,161.91000000,0.00001000,0.00161910,1586716809302,False,True
367,139201153,161.91000000,1.39874000,226.46999340,1586716809302,False,True
368,139201154,161.91000000,1.39874000,226.46999340,1586716809302,False,True
369,139201155,161.91000000,1.39874000,226.46999340,1586716809302,False,True
370,139201156,161.91000000,0.72564000,117.48837240,1586716809302,False,True
371,139201157,161.91000000,0.67310000,108.98162100,1586716809359,False,True
372,139201158,161.91000000,0.32754000,53.03200140,1586716809359,False,True
373,139201159,161.92000000,1.15000000,186.20800000,1586716809605,True,True
374,139201160,161.92000000,3.00000000,485.76000000,1586716809785,True,True
375,139201161,161.94000000,0.12352000,20.00282880,1586716810387,False,True
376,139201162,161.94000000,0.17642000,28.56945480,1586716810387,False,True
377,139201163,161.94000000,1.00003000,161.94485820,1586716811518,False,True
378,139201164,161.94000000,1.50000000,242.91000000,1586716812628,False,True
379,139201165,161.94000000,1.50000000,242.91000000,1586716812630,False,True
380,139201166,161.94000000,0.55539000,89.93985660,1586716812984,False,True
381,139201167,161.94000000,50.00000000,8097.00000000,1586716813197,False,True
382,139201168,161.95000000,1.00083000,162.08441850,1586716813723,False,True
383,139201169,161.94000000,1.83371000,296.95099740,1586716813791,True,True
384,139201170,161.94000000,1.00036000,161.99829840,1586716816041,False,True
385,139201171,161.94000000,22.16800000,3589.88592000,1586716816404,False,True
386,139201172,161.93000000,0.06830000,11.05981900,1586716816455,True,True
387,139201173,161.94000000,0.19000000,30.76860000,1586716816504,False,True
388,139201174,161.93000000,0.05518000,8.93529740,1586716817052,True,True
389,139201175,161.93000000,1.49800000,242.57114000,1586716817052,True,True
390,139201176,161.91000000,0.08327000,13.48224570,1586716817052,True,True
391,139201177,161.91000000,0.15125000,24.48888750,1586716817052,True,True
392,139201178,161.92000000,0.12340000,19.98092800,1586716818028,True,True
393,139201179,161.92000000,0.00009000,0.01457280,1586716818404,True,True
394,139201180,161.90000000,0.17991000,29.12742900,1586716818404,True,True
395,139201181,161.92000000,1.00024000,161.95886080,1586716818491,False,True
396,139201182,161.90000000,0.07647000,12.38049300,1586716818536,True,True
397,139201183,161.94000000,0.12348000,19.99635120,1586716821164,False,True
398,139201184,161.94000000,0.87704000,142.02785760,1586716821164,False,True
399,139201185,161.92000000,5.00000000,809.60000000,1586716821670,True,True
400,139201186,161.92000000,0.12349000,19.99550080,1586716821876,True,True
401,139201187,161.90000000,0.87651000,141.90696900,1586716821876,True,True
402,139201188,161.91000000,0.07305000,11.82752550,1586716822164,True,True
403,139201189,161.94000000,0.12349000,19.99797060,1586716822922,False,True
404,139201190,161.94000000,2.00000000,323.88000000,1586716823015,True,True
405,139201191,161.95000000,2.21700000,359.04315000,1586716823463,True,True
406,139201192,161.96000000,0.22664000,36.70661440,1586716823739,False,True
407,139201193,161.96000000,0.77397000,125.35218120,1586716823739,False,True
408,139201194,161.94000000,1.58340000,256.41579600,1586716824959,True,True
409,139201195,161.95000000,0.25000000,40.48750000,1586716826097,False,True
410,139201196,161.96000000,0.19654000,31.83161840,1586716826373,False,True
411,139201197,161.96000000,0.80346000,130.12838160,1586716826373,False,True
412,139201198,161.94000000,0.07271000,11.77465740,1586716826675,True,True
413,139201199,161.94000000,0.05076000,8.22007440,1586716827094,True,True
414,139201200,161.93000000,0.06792000,10.99828560,1586716827094,True,True
415,139201201,161.91000000,1.50682000,243.96922620,1586716827094,True,True
416,139201202,161.92000000,0.07306000,11.82987520,1586716829114,True,True
417,139201203,161.93000000,1.00033000,161.98343690,1586716829154,False,True
418,139201204,161.94000000,1.00048000,162.01773120,1586716832121,False,True
419,139201205,161.92000000,0.05043000,8.16562560,1586716832331,True,True
420,139201206,161.92000000,0.20351000,32.95233920,1586716832331,True,True
421,139201207,161.91000000,0.07037000,11.39360670,1586716834885,True,True
422,139201208,161.94000000,1.00005000,161.94809700,1586716835265,False,True
423,139201209,161.93000000,3.01230000,487.78173900,1586716836160,False,True
424,139201210,161.93000000,0.17645000,28.57254850,1586716838497,False,True
425,139201211,161.94000000,0.82399000,133.43694060,1586716838497,False,True
426,139201212,161.93000000,3.08115000,498.93061950,1586716838592,True,True
427,139201213,161.94000000,0.12346000,19.99311240,1586716839028,False,True
428,139201214,161.93000000,0.30433000,49.28015690,1586716839509,True,True
429,139201215,161.93000000,0.10690000,17.31031700,1586716840799,True,True
430,139201216,161.93000000,1.00028000,161.97534040,1586716841705,False,True
431,139201217,161.93000000,0.10800000,17.48844000,1586716841764,False,True
432,139201218,161.93000000,1.00024000,161.96886320,1586716844795,False,True
433,139201219,161.92000000,0.07466000,12.08894720,1586716845130,True,True
434,139201220,161.93000000,2.50000000,404.82500000,1586716847762,False,True
435,139201221,161.93000000,0.93074000,150.71472820,1586716847967,False,True
436,139201222,161.93000000,0.06943000,11.24279990,1586716847967,False,True
437,139201223,161.92000000,3.27591000,530.43534720,1586716848604,True,True
438,139201224,161.91000000,4.25686000,689.22820260,1586716848604,True,True
439,139201225,161.93000000,1.00055000,162.01906150,1586716851241,False,True
440,139201226,161.93000000,0.07500000,12.14475000,1586716852487,False,True
441,139201227,161.93000000,3.73900000,605.45627000,1586716852584,False,True
442,139201228,161.93000000,1.09700000,177.63721000,1586716852895,False,True
443,139201229,161.93000000,0.00030000,0.04857900,1586716853147,False,True
444,139201230,161.93000000,6.17520000,999.95013600,1586716853147,False,True
445,139201231,161.92000000,0.07289000,11.80234880,1586716853323,True,True
446,139201232,161.92000000,0.02386000,3.86341120,1586716854393,True,True
447,139201233,161.91000000,3.06394000,496.08252540,1586716854393,True,True
448,139201234,161.91000000,6.17570000,999.90758700,1586716854399,True,True
449,139201235,161.91000000,12.35140000,1999.81517400,1586716854465,True,True
450,139201236,161.91000000,62.84501000,10175.23556910,1586716854633,True,True
451,139201237,161.91000000,1.00027000,161.95371570,1586716854693,False,True
452,139201238,161.90000000,75.16784000,12169.67329600,1586716854727,True,True
453,139201239,161.90000000,1.00000000,161.90000000,1586716855014,True,True
454,139201240,161.90000000,288.46374000,46702.27950600,1586716855031,True,True
455,139201241,161.90000000,4.00000000,647.60000000,1586716855039,True,True
456,139201242,161.90000000,1.00000000,161.90000000,1586716855044,True,True
457,139201243,161.90000000,13.00000000,2104.70000000,1586716855044,True,True
458,139201244,161.90000000,2.50000000,404.75000000,1586716855059,True,True
459,139201245,161.90000000,5.00000000,809.50000000,1586716855066,True,True
460,139201246,161.90000000,5.00000000,809.50000000,1586716855078,True,True
461,139201247,161.90000000,1.56377000,253.17436300,1586716855359,True,True
462,139201248,161.90000000,1.56377000,253.17436300,1586716855567,True,True
463,139201249,161.90000000,0.85234000,137.99384600,1586716855572,True,True
464,139201250,161.90000000,0.17200000,27.84680000,1586716856083,True,True
465,139201251,161.90000000,21.99600000,3561.15240000,1586716856824,True,True
466,139201252,161.90000000,2.40000000,388.56000000,1586716857099,True,True
467,139201253,161.91000000,1.00027000,161.95371570,1586716858268,False,True
468,139201254,161.91000000,0.13587000,21.99871170,1586716859310,False,True
469,139201255,161.90000000,1.42154000,230.14732600,1586716859371,True,True
470,139201256,161.91000000,1.00039000,161.97314490,1586716861768,False,True
471,139201257,161.91000000,58.86374000,9530.62814340,1586716862222,False,True
472,139201258,161.92000000,1.13626000,183.98321920,1586716862222,False,True
473,139201259,161.92000000,0.10000000,16.19200000,1586716863183,False,True
474,139201260,161.91000000,0.06869000,11.12159790,1586716863563,True,True
475,139201261,161.93000000,1.02233000,165.54589690,1586716865476,False,True
476,139201262,161.92000000,1.00000000,161.92000000,1586716866595,True,True
477,139201263,161.93000000,0.06238000,10.10119340,1586716866605,False,True
478,139201264,161.93000000,16.17529000,2619.26470970,1586716868127,False,True
479,139201265,161.93000000,0.70278000,113.80116540,1586716868127,False,True
480,139201266,161.94000000,0.00001000,0.00161940,1586716868247,False,True
481,139201267,161.94000000,0.77400000,125.34156000,1586716868247,False,True
482,139201268,161.94000000,2.84560000,460.81646400,1586716868247,False,True
483,139201269,161.95000000,3.08918000,500.29270100,1586716868247,False,True
484,139201270,161.94000000,0.12347000,19.99473180,1586716868944,True,True
485,139201271,161.93000000,9.57253000,1550.07978290,1586716868944,True,True
486,139201272,161.94000000,1.00077000,162.06469380,1586716869109,False,True
487,139201273,161.92000000,1.06655000,172.69577600,1586716869274,True,True
488,139201274,161.93000000,1.06660000,172.71453800,1586716870330,True,True
489,139201275,161.92000000,0.12349000,19.99550080,1586716872330,True,True
490,139201276,161.92000000,3.09135000,500.55139200,1586716872330,True,True
491,139201277,161.93000000,1.00012000,161.94943160,1586716872499,False,True
492,139201278,161.91000000,0.06909000,11.18636190,1586716873770,True,True
493,139201279,161.91000000,1.06680000,172.72558800,1586716874334,True,True
494,139201280,161.92000000,0.16400000,26.55488000,1586716874792,False,True
495,139201281,161.91000000,0.12373000,20.03312430,1586716875322,True,True
496,139201282,161.91000000,0.94301000,152.68274910,1586716875322,True,True
497,139201283,161.92000000,0.00026000,0.04209920,1586716875674,False,True
498,139201284,161.94000000,0.24696000,39.99270240,1586716875674,False,True
499,139201285,161.95000000,0.75357000,122.04066150,1586716875674,False,True
