,id,price,qty,quoteQty,time,isBuyerMaker,isBestMatch
0,201331230,381.02000000,0.00750000,2.85765000,1604419250525,True,True
1,201331231,381.00000000,2.06796000,787.89276000,1604419250525,True,True
2,201331232,381.00000000,0.18393000,70.07733000,1604419250525,True,True
3,201331233,381.02000000,0.10106000,38.50588120,1604419251221,True,True
4,201331234,381.04000000,0.03000000,11.43120000,1604419251255,False,True
5,201331235,381.04000000,0.08244000,31.41293760,1604419252230,True,True
6,201331236,381.04000000,0.26403000,100.60599120,1604419252401,True,True
7,201331237,381.05000000,1.35000000,514.41750000,1604419252639,False,True
8,201331238,381.04000000,0.08004000,30.49844160,1604419253238,True,True
9,201331239,381.04000000,2.22644000,848.36269760,1604419253292,True,True
10,201331240,381.04000000,0.91526000,348.75067040,1604419253292,True,True
11,201331241,381.04000000,4.06995000,1550.81374800,1604419253292,True,True
12,201331242,381.05000000,2.55000000,971.67750000,1604419253866,False,True
13,201331243,381.05000000,14.65404000,5583.92194200,1604419253866,False,True
14,201331244,381.05000000,1.66396000,634.05195800,1604419253866,False,True
15,201331245,381.10000000,1.40792000,536.55831200,1604419254232,True,True
16,201331246,381.10000000,0.06231000,23.74634100,1604419254250,True,True
17,201331247,381.10000000,0.65880000,251.06868000,1604419254440,True,True
18,201331248,381.10000000,1.37400000,523.63140000,1604419254811,True,True
19,201331249,381.10000000,10.01500000,3816.71650000,1604419254914,True,True
20,201331250,381.10000000,0.05143000,19.59997300,1604419255264,True,True
21,201331251,381.10000000,0.51945000,197.96239500,1604419256035,True,True
22,201331252,381.10000000,0.12713000,48.44924300,1604419256268,True,True
23,201331253,381.10000000,29.30199000,11166.98838900,1604419257019,True,True
24,201331254,381.10000000,3.12195000,1189.77514500,1604419257019,True,True
25,201331255,381.10000000,12.12720000,4621.67592000,1604419257019,True,True
26,201331256,381.10000000,0.03041000,11.58925100,1604419257169,True,True
27,201331257,381.10000000,0.10488000,39.96976800,1604419257310,True,True
28,201331258,381.11000000,2.70314000,1030.19368540,1604419257846,False,True
29,201331259,381.11000000,1.31232000,500.13827520,1604419257846,False,True
30,201331260,381.11000000,4.00402000,1525.97206220,1604419257846,False,True
31,201331261,381.11000000,0.55052000,209.80867720,1604419257846,False,True
32,201331262,381.10000000,0.05601000,21.34541100,1604419258305,True,True
33,201331263,381.11000000,0.00075000,0.28583250,1604419258307,False,True
34,201331264,381.13000000,0.02939000,11.20141070,1604419258307,False,True
35,201331265,381.14000000,0.14510000,55.30341400,1604419258429,False,True
36,201331266,381.14000000,3.89999000,1486.44218860,1604419258429,False,True
37,201331267,381.14000000,0.00001000,0.00381140,1604419258445,False,True
38,201331268,381.13000000,0.10000000,38.11300000,1604419258451,True,True
39,201331269,381.18000000,2.58400000,984.96912000,1604419258566,True,True
40,201331270,381.19000000,0.69000000,263.02110000,1604419258682,False,True
41,201331271,381.21000000,1.31197000,500.13608370,1604419258704,False,True
42,201331272,381.21000000,0.05000000,19.06050000,1604419258728,True,True
43,201331273,381.21000000,0.18331000,69.87960510,1604419258759,True,True
44,201331274,381.21000000,0.21429000,81.68949090,1604419259061,True,True
45,201331275,381.22000000,0.29533000,112.58570260,1604419259192,False,True
46,201331276,381.24000000,2.62300000,999.99252000,1604419259199,False,True
47,201331277,381.24000000,0.16913000,64.47912120,1604419259248,False,True
48,201331278,381.26000000,0.05000000,19.06300000,1604419259369,True,True
49,201331279,381.27000000,0.38445000,146.57925150,1604419259556,False,True
50,201331280,381.27000000,0.20955000,79.89512850,1604419259556,False,True
51,201331281,381.28000000,0.13898000,52.99029440,1604419259556,False,True
52,201331282,381.28000000,0.35318000,134.66047040,1604419259713,False,True
53,201331283,381.28000000,0.23486000,89.54742080,1604419259713,False,True
54,201331284,381.28000000,0.49220000,187.66601600,1604419259713,False,True
55,201331285,381.28000000,0.49220000,187.66601600,1604419259713,False,True
56,201331286,381.28000000,0.49220000,187.66601600,1604419259713,False,True
57,201331287,381.28000000,3.90000000,1486.99200000,1604419259713,False,True
58,201331288,381.29000000,5.08776000,1939.91201040,1604419259713,False,True
59,201331289,381.29000000,0.60735000,231.57648150,1604419259713,False,True
60,201331290,381.29000000,3.03708000,1158.00823320,1604419259713,False,True
61,201331291,381.29000000,0.38443000,146.57931470,1604419259757,False,True
62,201331292,381.28000000,0.08616000,32.85108480,1604419260082,True,True
63,201331293,381.28000000,1.07800000,411.01984000,1604419260914,True,True
64,201331294,381.28000000,7.90910000,3015.58164800,1604419260974,True,True
65,201331295,381.26000000,1.83102000,698.09468520,1604419261019,True,True
66,201331296,381.26000000,0.10376000,39.55953760,1604419261102,False,True
67,201331297,381.25000000,0.28290000,107.85562500,1604419261148,True,True
68,201331298,381.22000000,0.38440000,146.54096800,1604419261175,True,True
69,201331299,381.22000000,0.00005000,0.01906100,1604419261186,True,True
70,201331300,381.21000000,5.90835000,2252.32210350,1604419261186,True,True
71,201331301,381.21000000,0.00013000,0.04955730,1604419261207,True,True
72,201331302,381.20000000,2.65295000,1011.30454000,1604419261207,True,True
73,201331303,381.20000000,0.41692000,158.92990400,1604419261207,True,True
74,201331304,381.20000000,0.00017000,0.06480400,1604419261230,True,True
75,201331305,381.13000000,0.38444000,146.52161720,1604419261262,True,True
76,201331306,381.13000000,1.19996000,457.34075480,1604419261262,True,True
77,201331307,381.13000000,5.24680000,1999.71288400,1604419261262,True,True
78,201331308,381.08000000,4.00000000,1524.32000000,1604419261294,True,True
79,201331309,381.05000000,0.05000000,19.05250000,1604419261326,False,True
80,201331310,381.05000000,6.00000000,2286.30000000,1604419261482,False,True
81,201331311,381.05000000,7.99999000,3048.39618950,1604419261482,False,True
82,201331312,381.05000000,29.99999000,11431.49618950,1604419261524,False,True
83,201331313,381.13000000,1.79000000,682.22270000,1604419262207,True,True
84,201331314,381.13000000,0.72424000,276.02959120,1604419262288,True,True
85,201331315,381.13000000,1.11349000,424.38444370,1604419262364,True,True
86,201331316,381.13000000,0.16096000,61.34668480,1604419262483,True,True
87,201331317,381.13000000,0.23569000,89.82852970,1604419262513,True,True
88,201331318,381.13000000,0.04497000,17.13941610,1604419263318,True,True
89,201331319,381.13000000,4.81286000,1834.32533180,1604419263318,True,True
90,201331320,381.13000000,1.48674000,566.64121620,1604419263320,True,True
91,201331321,381.13000000,2.25017000,857.60729210,1604419263320,True,True
92,201331322,381.07000000,1.51059000,575.64053130,1604419263320,True,True
93,201331323,381.07000000,2.98950000,1139.20876500,1604419263325,True,True
94,201331324,381.07000000,2.46880000,940.78561600,1604419263325,True,True
95,201331325,381.07000000,6.45120000,2458.35878400,1604419263327,True,True
96,201331326,381.07000000,1.70514000,649.77769980,1604419263327,True,True
97,201331327,381.06000000,1.15616000,440.56632960,1604419263327,True,True
98,201331328,381.06000000,1.36780000,521.21386800,1604419263327,True,True
99,201331329,381.06000000,4.10340000,1563.64160400,1604419263327,True,True
100,201331330,381.06000000,2.37264000,904.11819840,1604419263329,True,True
101,201331331,381.04000000,9.90846000,3775.51959840,1604419263329,True,True
102,201331332,381.04000000,2.72910000,1039.89626400,1604419263330,True,True
103,201331333,381.08000000,5.00000000,1905.40000000,1604419263353,True,True
104,201331334,381.04000000,0.20471000,78.00269840,1604419263353,True,True
105,201331335,381.03000000,0.25125000,95.73378750,1604419263353,True,True
106,201331336,381.03000000,1.36400000,519.72492000,1604419263353,True,True
107,201331337,381.02000000,0.15000000,57.15300000,1604419263814,False,True
108,201331338,381.01000000,1.31230000,499.99942300,1604419263902,True,True
109,201331339,381.01000000,2.58770000,985.93957700,1604419263904,True,True
110,201331340,381.01000000,2.66140000,1014.02001400,1604419263904,True,True
111,201331341,381.01000000,0.33860000,129.00998600,1604419263922,True,True
112,201331342,381.01000000,7.78450000,2965.97234500,1604419263922,True,True
113,201331343,381.02000000,0.10000000,38.10200000,1604419263926,False,True
114,201331344,381.00000000,0.37278000,142.02918000,1604419263930,True,True
115,201331345,381.00000000,1.00000000,381.00000000,1604419263930,True,True
116,201331346,381.00000000,0.03142000,11.97102000,1604419263930,True,True
117,201331347,381.00000000,0.00007000,0.02667000,1604419264545,True,True
118,201331348,380.96000000,0.10276000,39.14744960,1604419264545,True,True
119,201331349,380.95000000,1.02340000,389.86423000,1604419264545,True,True
120,201331350,380.92000000,2.17615000,828.93905800,1604419264545,True,True
121,201331351,380.92000000,0.33299000,126.84255080,1604419264601,True,True
122,201331352,380.93000000,1.31294000,500.13823420,1604419264657,False,True
123,201331353,380.93000000,8.83104000,3364.00806720,1604419264657,False,True
124,201331354,380.97000000,1.31294000,500.19075180,1604419264959,False,True
125,201331355,380.97000000,10.00000000,3809.70000000,1604419264959,False,True
126,201331356,380.97000000,4.80363000,1830.03892110,1604419264959,False,True
127,201331357,380.97000000,1.27313000,485.02433610,1604419264959,False,True
128,201331358,380.96000000,0.23420000,89.22083200,1604419265140,True,True
129,201331359,380.94000000,0.88300000,336.37002000,1604419265247,False,True
130,201331360,380.94000000,1.31230000,499.90756200,1604419265348,True,True
131,201331361,380.94000000,1.31250000,499.98375000,1604419265562,True,True
132,201331362,380.95000000,7.83698000,2985.49753100,1604419265754,False,True
133,201331363,380.95000000,1.83677000,699.71753150,1604419265754,False,True
134,201331364,380.95000000,0.19806000,75.45095700,1604419265754,False,True
135,201331365,380.97000000,2.62687000,1000.75866390,1604419265754,False,True
136,201331366,381.01000000,3.41067000,1299.49937670,1604419265754,False,True
137,201331367,381.02000000,2.56000000,975.41120000,1604419265754,False,True
138,201331368,381.04000000,7.19866000,2742.97740640,1604419265754,False,True
139,201331369,381.04000000,0.58000000,221.00320000,1604419265754,False,True
140,201331370,381.05000000,5.66560000,2158.87688000,1604419265754,False,True
141,201331371,381.05000000,6.51220000,2481.47381000,1604419265754,False,True
142,201331372,381.06000000,0.29532000,112.53463920,1604419265754,False,True
143,201331373,381.08000000,7.19695000,2742.61370600,1604419265754,False,True
144,201331374,381.08000000,4.08192000,1555.53807360,1604419265754,False,True
145,201331375,381.06000000,0.62420000,237.85765200,1604419265946,True,True
146,201331376,381.06000000,1.36700000,520.90902000,1604419265963,True,True
147,201331377,381.04000000,3.90000000,1486.05600000,1604419266187,True,True
148,201331378,381.04000000,16.10000000,6134.74400000,1604419266209,True,True
149,201331379,381.04000000,1.43400000,546.41136000,1604419266209,True,True
150,201331380,380.97000000,0.10000000,38.09700000,1604419266390,True,True
151,201331381,380.97000000,1.87208000,713.20631760,1604419266619,True,True
152,201331382,380.98000000,2.72900000,1039.69442000,1604419266669,True,True
153,201331383,380.99000000,0.02923000,11.13633770,1604419266716,False,True
154,201331384,380.99000000,0.03000000,11.42970000,1604419266790,False,True
155,201331385,380.98000000,5.47490000,2085.82740200,1604419266823,True,True
156,201331386,380.98000000,1.79610000,684.27817800,1604419266827,True,True
157,201331387,380.98000000,0.94130000,358.61647400,1604419266827,True,True
158,201331388,380.97000000,1.30417000,496.84964490,1604419268182,False,True
159,201331389,380.99000000,0.04169000,15.88347310,1604419268246,False,True
160,201331390,380.94000000,0.19470000,74.16901800,1604419268650,True,True
161,201331391,380.98000000,0.40000000,152.39200000,1604419269034,False,True
162,201331392,380.94000000,0.05000000,19.04700000,1604419269212,True,True
163,201331393,380.94000000,0.14170000,53.97919800,1604419269660,True,True
164,201331394,380.99000000,0.06305000,24.02141950,1604419270313,False,True
165,201331395,380.97000000,0.11350000,43.24009500,1604419270669,True,True
166,201331396,380.97000000,4.88650000,1861.60990500,1604419270700,True,True
167,201331397,380.97000000,2.79657000,1065.40927290,1604419270700,True,True
168,201331398,380.97000000,10.46893000,3988.34826210,1604419270700,True,True
169,201331399,380.97000000,0.05000000,19.04850000,1604419270915,True,True
170,201331400,380.97000000,0.40119000,152.84135430,1604419270948,True,True
171,201331401,380.98000000,1.31301000,500.23054980,1604419271158,False,True
172,201331402,380.98000000,6.64122000,2530.17199560,1604419271158,False,True
173,201331403,380.98000000,1.95153000,743.49389940,1604419271158,False,True
174,201331404,380.99000000,3.73603000,1423.39006970,1604419271173,False,True
175,201331405,380.99000000,2.79247000,1063.90314530,1604419271173,False,True
176,201331406,380.99000000,3.97868000,1515.83729320,1604419271173,False,True
177,201331407,380.99000000,7.89504000,3007.93128960,1604419271200,True,True
178,201331408,380.99000000,3.56291000,1357.43308090,1604419271200,True,True
179,201331409,380.99000000,5.00000000,1904.95000000,1604419271200,True,True
180,201331410,380.99000000,7.89503000,3007.92747970,1604419271200,True,True
181,201331411,380.98000000,5.16145000,1966.40922100,1604419271200,True,True
182,201331412,381.00000000,0.02738000,10.43178000,1604419271212,False,True
183,201331413,381.00000000,0.02700000,10.28700000,1604419271212,False,True
184,201331414,381.01000000,0.26299000,100.20181990,1604419271269,False,True
185,201331415,381.04000000,1.31259000,500.14929360,1604419271318,False,True
186,201331416,381.06000000,0.38444000,146.49470640,1604419271362,False,True
187,201331417,381.07000000,0.38445000,146.50236150,1604419271365,False,True
188,201331418,381.08000000,0.60000000,228.64800000,1604419271374,False,True
189,201331419,381.08000000,0.19417000,73.99430360,1604419271394,False,True
190,201331420,381.09000000,1.51674000,578.01444660,1604419271394,False,True
191,201331421,381.10000000,0.10000000,38.11000000,1604419271434,True,True
192,201331422,381.14000000,3.90000000,1486.44600000,1604419271621,False,True
193,201331423,381.16000000,0.03692000,14.07242720,1604419271821,True,True
194,201331424,381.16000000,0.28322000,107.95213520,1604419272200,True,True
195,201331425,381.16000000,9.60545000,3661.21332200,1604419272346,True,True
196,201331426,381.16000000,3.30403000,1259.36407480,1604419272346,True,True
197,201331427,381.13000000,5.73861000,2187.15642930,1604419272390,True,True
198,201331428,381.13000000,0.19459000,74.16408670,1604419272390,True,True
199,201331429,381.13000000,0.23778000,90.62509140,1604419272390,True,True
200,201331430,381.12000000,0.09748000,37.15157760,1604419272426,False,True
201,201331431,381.12000000,0.09750000,37.15920000,1604419272430,False,True
202,201331432,381.12000000,0.09748000,37.15157760,1604419272431,False,True
203,201331433,381.12000000,1.01800000,387.98016000,1604419272437,False,True
204,201331434,381.13000000,1.77710000,677.30612300,1604419272531,True,True
205,201331435,381.12000000,0.13339000,50.83759680,1604419272531,True,True
206,201331436,381.11000000,6.00000000,2286.66000000,1604419272531,True,True
207,201331437,381.11000000,6.08941000,2320.73504510,1604419272531,True,True
208,201331438,381.11000000,2.92832000,1116.01203520,1604419272665,True,True
209,201331439,381.06000000,0.38445000,146.49851700,1604419272665,True,True
210,201331440,381.00000000,1.91058000,727.93098000,1604419272884,True,True
211,201331441,380.99000000,0.02952000,11.24682480,1604419272925,True,True
212,201331442,380.99000000,1.31220000,499.93507800,1604419272944,True,True
213,201331443,380.99000000,5.77621000,2200.67824790,1604419272954,True,True
214,201331444,381.00000000,0.04140000,15.77340000,1604419273220,False,True
215,201331445,380.98000000,0.32300000,123.05654000,1604419273768,True,True
216,201331446,381.01000000,0.06761000,25.76008610,1604419274373,True,True
217,201331447,380.92000000,6.62763000,2524.59681960,1604419274627,False,True
218,201331448,380.95000000,0.13369000,50.92920550,1604419274822,False,True
219,201331449,380.94000000,0.05000000,19.04700000,1604419274850,True,True
220,201331450,380.94000000,0.16535000,62.98842900,1604419275047,False,True
221,201331451,380.90000000,0.55891000,212.88881900,1604419275258,True,True
222,201331452,380.91000000,9.12926000,3477.42642660,1604419275343,False,True
223,201331453,380.94000000,0.11751000,44.76425940,1604419275936,False,True
224,201331454,380.98000000,0.04897000,18.65659060,1604419275936,False,True
225,201331455,381.00000000,7.00008000,2667.03048000,1604419275936,False,True
226,201331456,381.00000000,1.45530000,554.46930000,1604419275936,False,True
227,201331457,381.00000000,3.46241000,1319.17821000,1604419275936,False,True
228,201331458,381.00000000,0.97653000,372.05793000,1604419275936,False,True
229,201331459,380.93000000,0.32512000,123.84796160,1604419275946,True,True
230,201331460,380.90000000,0.05520000,21.02568000,1604419276144,True,True
231,201331461,380.92000000,0.05532000,21.07249440,1604419276263,False,True
232,201331462,380.93000000,0.82200000,313.12446000,1604419277800,True,True
233,201331463,380.94000000,8.72641000,3324.23862540,1604419277824,False,True
234,201331464,380.89000000,19.00000000,7236.91000000,1604419278612,True,True
235,201331465,380.89000000,3.00000000,1142.67000000,1604419278612,True,True
236,201331466,380.89000000,2.67350000,1018.30941500,1604419278612,True,True
237,201331467,380.87000000,0.24660000,93.92254200,1604419278630,True,True
238,201331468,380.87000000,0.00006000,0.02285220,1604419278775,True,True
239,201331469,380.85000000,0.17920000,68.24832000,1604419279062,True,True
240,201331470,380.84000000,1.72700000,657.71068000,1604419279072,True,True
241,201331471,380.82000000,0.26660000,101.52661200,1604419279302,True,True
242,201331472,380.80000000,0.03050000,11.61440000,1604419279302,True,True
243,201331473,380.81000000,0.06509000,24.78692290,1604419279437,False,True
244,201331474,380.80000000,0.00316000,1.20332800,1604419279462,True,True
245,201331475,380.77000000,0.05000000,19.03850000,1604419279575,False,True
246,201331476,380.76000000,0.04900000,18.65724000,1604419279688,True,True
247,201331477,380.76000000,0.13943000,53.08936680,1604419280385,True,True
248,201331478,380.76000000,0.14157000,53.90419320,1604419280556,True,True
249,201331479,380.74000000,1.05843000,402.98663820,1604419280556,True,True
250,201331480,380.74000000,0.05410000,20.59803400,1604419280669,True,True
251,201331481,380.75000000,0.50000000,190.37500000,1604419280674,False,True
252,201331482,380.74000000,0.54121000,206.06029540,1604419280832,True,True
253,201331483,380.74000000,0.00006000,0.02284440,1604419280938,True,True
254,201331484,380.74000000,4.99994000,1903.67715560,1604419280938,True,True
255,201331485,380.73000000,10.75700000,4095.51261000,1604419281117,True,True
256,201331486,380.73000000,0.00020000,0.07614600,1604419281151,True,True
257,201331487,380.70000000,0.03125000,11.89687500,1604419281151,True,True
258,201331488,380.71000000,0.03000000,11.42130000,1604419281239,False,True
259,201331489,380.71000000,0.58600000,223.09606000,1604419281271,False,True
260,201331490,380.71000000,0.54311000,206.76740810,1604419281325,False,True
261,201331491,380.72000000,0.67989000,258.84772080,1604419281731,False,True
262,201331492,380.70000000,0.22198000,84.50778600,1604419282168,True,True
263,201331493,380.70000000,1.78906000,681.09514200,1604419282196,True,True
264,201331494,380.64000000,1.11843000,425.71919520,1604419282196,True,True
265,201331495,380.61000000,1.32576000,504.59751360,1604419282196,True,True
266,201331496,380.60000000,5.76675000,2194.82505000,1604419282196,True,True
267,201331497,380.67000000,0.10490000,39.93228300,1604419282279,False,True
268,201331498,380.67000000,0.05240000,19.94710800,1604419282568,False,True
269,201331499,380.69000000,2.99595000,1140.52820550,1604419282898,True,True
270,201331500,380.68000000,30.00000000,11420.40000000,1604419282898,True,True
271,201331501,380.68000000,2.51810000,958.59030800,1604419282898,True,True
272,201331502,380.67000000,3.25733000,1239.96781110,1604419282898,True,True
273,201331503,380.66000000,19.59655000,7459.62272300,1604419282898,True,True
274,201331504,380.67000000,3.18500000,1212.43395000,1604419282957,True,True
275,201331505,380.68000000,2.00000000,761.36000000,1604419282988,False,True
276,201331506,380.68000000,0.10300000,39.21004000,1604419283032,False,True
277,201331507,380.68000000,2.81379000,1071.15357720,1604419283142,False,True
278,201331508,380.75000000,0.05240000,19.95130000,1604419284206,False,True
279,201331509,380.71000000,0.51304000,195.31945840,1604419284596,True,True
280,201331510,380.70000000,1.20000000,456.84000000,1604419284649,True,True
281,201331511,380.71000000,1.29714000,493.83416940,1604419284965,True,True
282,201331512,380.71000000,3.30425000,1257.96101750,1604419284965,True,True
283,201331513,380.64000000,0.30483000,116.03049120,1604419285283,False,True
284,201331514,380.74000000,1.71559000,653.19373660,1604419286420,True,True
285,201331515,380.73000000,2.87841000,1095.89703930,1604419286420,True,True
286,201331516,380.64000000,0.19159000,72.92681760,1604419287254,False,True
287,201331517,380.64000000,0.06000000,22.83840000,1604419287353,False,True
288,201331518,380.63000000,1.37400000,522.98562000,1604419287568,False,True
289,201331519,380.60000000,0.10490000,39.92494000,1604419287848,False,True
290,201331520,380.60000000,0.62805000,239.03583000,1604419287903,False,True
291,201331521,380.59000000,1.86394000,709.39692460,1604419287929,True,True
292,201331522,380.59000000,2.99996000,1141.75477640,1604419287929,True,True
293,201331523,380.59000000,0.00004000,0.01522360,1604419287945,True,True
294,201331524,380.57000000,0.52552000,199.99714640,1604419288047,True,True
295,201331525,380.55000000,0.11815000,44.96198250,1604419288089,True,True
296,201331526,380.52000000,10.02000000,3812.81040000,1604419288089,True,True
297,201331527,380.52000000,1.36399000,519.02547480,1604419288089,True,True
298,201331528,380.51000000,0.05000000,19.02550000,1604419288089,True,True
299,201331529,380.50000000,0.06880000,26.17840000,1604419288089,True,True
300,201331530,380.50000000,0.47148000,179.39814000,1604419288089,True,True
301,201331531,380.50000000,2.90758000,1106.33419000,1604419288089,True,True
302,201331532,380.47000000,5.24852000,1996.90440440,1604419288144,True,True
303,201331533,380.47000000,5.24907000,1997.11366290,1604419288149,True,True
304,201331534,380.48000000,0.21000000,79.90080000,1604419288448,False,True
305,201331535,380.47000000,0.55659000,211.76579730,1604419288732,True,True
306,201331536,380.47000000,0.19200000,73.05024000,1604419288768,True,True
307,201331537,380.47000000,0.94874000,360.96710780,1604419289031,True,True
308,201331538,380.47000000,2.80508000,1067.24878760,1604419289185,True,True
309,201331539,380.47000000,0.02984000,11.35322480,1604419289185,True,True
310,201331540,380.45000000,1.32493000,504.06961850,1604419289185,True,True
311,201331541,380.44000000,0.02902000,11.04036880,1604419289185,True,True
312,201331542,380.44000000,0.97499000,370.92519560,1604419289185,True,True
313,201331543,380.37000000,0.34288000,130.42126560,1604419289185,True,True
314,201331544,380.35000000,0.16000000,60.85600000,1604419289185,True,True
315,201331545,380.35000000,0.33126000,125.99474100,1604419289185,True,True
316,201331546,380.37000000,0.03174000,12.07294380,1604419289366,True,True
317,201331547,380.38000000,0.14920000,56.75269600,1604419289612,False,True
318,201331548,380.38000000,0.90009000,342.37623420,1604419289633,False,True
319,201331549,380.38000000,0.05240000,19.93191200,1604419289724,False,True
320,201331550,380.38000000,0.05040000,19.17115200,1604419289833,False,True
321,201331551,380.38000000,0.03000000,11.41140000,1604419289879,False,True
322,201331552,380.38000000,1.50302000,571.71874760,1604419289918,False,True
323,201331553,380.36000000,0.12800000,48.68608000,1604419290520,False,True
324,201331554,380.36000000,3.02000000,1148.68720000,1604419290721,False,True
325,201331555,380.36000000,0.05240000,19.93086400,1604419290783,False,True
326,201331556,380.36000000,1.85300000,704.80708000,1604419290817,False,True
327,201331557,380.36000000,6.00000000,2282.16000000,1604419291108,False,True
328,201331558,380.35000000,0.14541000,55.30669350,1604419291246,True,True
329,201331559,380.35000000,0.52337000,199.06377950,1604419291477,True,True
330,201331560,380.36000000,2.00000000,760.72000000,1604419291768,False,True
331,201331561,380.39000000,0.10490000,39.90291100,1604419294048,False,True
332,201331562,380.41000000,0.41921000,159.47167610,1604419294817,False,True
333,201331563,380.41000000,21.30438000,8104.39919580,1604419294817,False,True
334,201331564,380.42000000,0.08609000,32.75035780,1604419294923,True,True
335,201331565,380.42000000,20.00000000,7608.40000000,1604419295120,True,True
336,201331566,380.42000000,12.05150000,4584.63163000,1604419295120,True,True
337,201331567,380.42000000,2.88698000,1098.26493160,1604419295372,True,True
338,201331568,380.42000000,0.16973000,64.56868660,1604419295498,True,True
339,201331569,380.38000000,0.11893000,45.23859340,1604419296320,True,True
340,201331570,380.42000000,0.26088000,99.24396960,1604419296408,False,True
341,201331571,380.42000000,0.05240000,19.93400800,1604419296509,False,True
342,201331572,380.43000000,0.05700000,21.68451000,1604419297235,False,True
343,201331573,380.42000000,1.36399000,518.88907580,1604419297272,True,True
344,201331574,380.43000000,0.05240000,19.93453200,1604419297545,False,True
345,201331575,380.41000000,0.02952000,11.22970320,1604419297575,True,True
346,201331576,380.42000000,0.03000000,11.41260000,1604419297632,False,True
347,201331577,380.42000000,4.97000000,1890.68740000,1604419297667,False,True
348,201331578,380.42000000,5.00000000,1902.10000000,1604419297667,False,True
349,201331579,380.42000000,5.00000000,1902.10000000,1604419297740,True,True
350,201331580,380.42000000,6.30186000,2397.35358120,1604419297740,True,True
351,201331581,380.42000000,3.69814000,1406.84641880,1604419297740,True,True
352,201331582,380.40000000,1.48754000,565.86021600,1604419298541,False,True
353,201331583,380.39000000,5.03477000,1915.17616030,1604419298633,True,True
354,201331584,380.39000000,3.52796000,1342.00070440,1604419298633,True,True
355,201331585,380.39000000,6.43727000,2448.67313530,1604419298633,True,True
356,201331586,380.39000000,0.78841000,299.90327990,1604419299644,True,True
357,201331587,380.36000000,0.11241000,42.75626760,1604419299644,True,True
358,201331588,380.36000000,1.56811000,596.44631960,1604419299644,True,True
359,201331589,380.35000000,12.53107000,4766.19247450,1604419299644,True,True
360,201331590,380.36000000,0.43764000,166.46075040,1604419299752,False,True
361,201331591,380.36000000,0.83869000,319.00412840,1604419299874,False,True
362,201331592,380.36000000,0.10490000,39.89976400,1604419299878,False,True
363,201331593,380.35000000,6.48498000,2466.56214300,1604419299958,True,True
364,201331594,380.35000000,0.20797000,79.10138950,1604419299962,True,True
365,201331595,380.35000000,100.00000000,38035.00000000,1604419299971,True,True
366,201331596,380.35000000,2.65295000,1009.04953250,1604419299984,True,True
367,201331597,380.35000000,0.38129000,145.02365150,1604419300008,True,True
368,201331598,380.35000000,26.74170000,10171.20559500,1604419300024,True,True
369,201331599,380.33000000,0.14613000,55.57762290,1604419300037,True,True
370,201331600,380.32000000,0.03000000,11.40960000,1604419300037,True,True
371,201331601,380.29000000,0.32400000,123.21396000,1604419300091,False,True
372,201331602,380.29000000,0.06130000,23.31177700,1604419300224,False,True
373,201331603,380.29000000,4.61470000,1754.92426300,1604419300331,False,True
374,201331604,380.29000000,3.23290000,1229.43954100,1604419300331,False,True
375,201331605,380.29000000,0.05000000,19.01450000,1604419300403,False,True
376,201331606,380.28000000,0.25661000,97.58365080,1604419300927,True,True
377,201331607,380.28000000,0.86008000,327.07122240,1604419300927,True,True
378,201331608,380.28000000,5.00000000,1901.40000000,1604419300927,True,True
379,201331609,380.25000000,0.04784000,18.19116000,1604419300927,True,True
380,201331610,380.22000000,0.56805000,215.98397100,1604419301036,False,True
381,201331611,380.22000000,8.26742000,3143.43843240,1604419301073,False,True
382,201331612,380.22000000,16.10798000,6124.57615560,1604419301073,False,True
383,201331613,380.30000000,1.17462000,446.70798600,1604419301366,False,True
384,201331614,380.31000000,0.28162000,107.10290220,1604419301458,True,True
385,201331615,380.31000000,0.62544000,237.86108640,1604419301569,True,True
386,201331616,380.31000000,1.78700000,679.61397000,1604419302045,True,True
387,201331617,380.32000000,19.12400000,7273.23968000,1604419302085,False,True
388,201331618,380.30000000,0.63500000,241.49050000,1604419302322,False,True
389,201331619,380.31000000,0.63500000,241.49685000,1604419302457,True,True
390,201331620,380.34000000,0.05240000,19.92981600,1604419302778,False,True
391,201331621,380.34000000,0.03943000,14.99680620,1604419303458,False,True
392,201331622,380.34000000,0.07747000,29.46493980,1604419303539,False,True
393,201331623,380.35000000,14.17500000,5391.46125000,1604419303545,False,True
394,201331624,380.35000000,9.45000000,3594.30750000,1604419303546,False,True
395,201331625,380.35000000,2.07500000,789.22625000,1604419303547,False,True
396,201331626,380.35000000,0.25997000,98.87958950,1604419303547,False,True
397,201331627,380.39000000,0.79045000,300.67927550,1604419303547,False,True
398,201331628,380.42000000,2.28638000,869.78467960,1604419303547,False,True
399,201331629,380.42000000,0.58820000,223.76304400,1604419303547,False,True
400,201331630,380.43000000,3.09885000,1178.89550550,1604419303579,False,True
401,201331631,380.43000000,2.90115000,1103.68449450,1604419303579,False,True
402,201331632,380.43000000,0.05240000,19.93453200,1604419303624,False,True
403,201331633,380.43000000,0.14530000,55.27647900,1604419303630,False,True
404,201331634,380.43000000,1.31482000,500.19697260,1604419303630,False,True
405,201331635,380.43000000,0.05240000,19.93453200,1604419303630,False,True
406,201331636,380.43000000,1.14243000,434.61464490,1604419303646,False,True
407,201331637,380.43000000,0.76159000,289.73168370,1604419303665,False,True
408,201331638,380.43000000,1.14243000,434.61464490,1604419303673,False,True
409,201331639,380.43000000,3.09885000,1178.89550550,1604419303673,False,True
410,201331640,380.43000000,0.90489000,344.24730270,1604419303673,False,True
411,201331641,380.43000000,1.21581000,462.53059830,1604419303690,False,True
412,201331642,380.43000000,0.48908000,186.06070440,1604419303747,False,True
413,201331643,380.43000000,0.48907000,186.05690010,1604419303850,False,True
414,201331644,380.43000000,0.78774000,299.67992820,1604419303850,False,True
415,201331645,380.43000000,1.82204000,693.15867720,1604419303858,False,True
416,201331646,380.43000000,0.48907000,186.05690010,1604419303883,False,True
417,201331647,380.43000000,0.78774000,299.67992820,1604419303884,False,True
418,201331648,380.43000000,0.48907000,186.05690010,1604419303884,False,True
419,201331649,380.43000000,2.60978000,992.83860540,1604419303886,False,True
420,201331650,380.43000000,0.48902000,186.03787860,1604419303886,False,True
421,201331651,380.43000000,2.60983000,992.85762690,1604419303892,False,True
422,201331652,380.43000000,0.63237000,240.57251910,1604419303892,False,True
423,201331653,380.43000000,0.84390000,321.04487700,1604419303897,False,True
424,201331654,380.43000000,0.28000000,106.52040000,1604419303966,False,True
425,201331655,380.43000000,1.34258000,510.75770940,1604419303970,False,True
426,201331656,380.43000000,0.28002000,106.52800860,1604419303970,False,True
427,201331657,380.43000000,0.17900000,68.09697000,1604419303985,False,True
428,201331658,380.43000000,1.16427000,442.92323610,1604419303987,False,True
429,201331659,380.51000000,0.45921000,174.73399710,1604419304150,True,True
430,201331660,380.54000000,0.31402000,119.49717080,1604419304336,True,True
431,201331661,380.53000000,0.10000000,38.05300000,1604419304445,True,True
432,201331662,380.53000000,18.13720000,6901.74871600,1604419304527,True,True
433,201331663,380.50000000,1.93160000,734.97380000,1604419305190,True,True
434,201331664,380.51000000,0.03025000,11.51042750,1604419305796,True,True
435,201331665,380.51000000,5.12714000,1950.92804140,1604419305919,True,True
436,201331666,380.51000000,0.91686000,348.87439860,1604419305919,True,True
437,201331667,380.53000000,0.60200000,229.07906000,1604419306463,False,True
438,201331668,380.52000000,0.10490000,39.91654800,1604419307275,False,True
439,201331669,380.48000000,3.83967000,1460.91764160,1604419307482,True,True
440,201331670,380.55000000,4.98834000,1898.31278700,1604419307778,False,True
441,201331671,380.57000000,8.09386000,3080.28030020,1604419307778,False,True
442,201331672,380.62000000,0.28629000,108.96769980,1604419308248,False,True
443,201331673,380.63000000,0.78817000,300.00114710,1604419308254,False,True
444,201331674,380.64000000,3.90000000,1484.49600000,1604419308290,False,True
445,201331675,380.73000000,0.78828000,300.12184440,1604419308401,False,True
446,201331676,380.66000000,0.82952000,315.76508320,1604419308414,True,True
447,201331677,380.73000000,0.05240000,19.95025200,1604419309196,False,True
448,201331678,380.72000000,0.28600000,108.88592000,1604419309216,True,True
449,201331679,380.73000000,0.05240000,19.95025200,1604419309361,False,True
450,201331680,380.75000000,0.07100000,27.03325000,1604419310060,True,True
451,201331681,380.75000000,0.05100000,19.41825000,1604419310426,True,True
452,201331682,380.77000000,7.60000000,2893.85200000,1604419310663,False,True
453,201331683,380.82000000,3.65056000,1390.20625920,1604419310663,False,True
454,201331684,380.82000000,1.31335000,500.14994700,1604419310663,False,True
455,201331685,380.84000000,2.72709000,1038.58495560,1604419310663,False,True
456,201331686,380.80000000,5.41900000,2063.55520000,1604419310755,True,True
457,201331687,380.87000000,0.89641000,341.41567670,1604419310816,False,True
458,201331688,380.80000000,0.07200000,27.41760000,1604419310855,True,True
459,201331689,380.80000000,0.91141000,347.06492800,1604419310976,True,True
460,201331690,380.82000000,0.41303000,157.29008460,1604419311050,True,True
461,201331691,380.80000000,17.78162000,6771.24089600,1604419311050,True,True
462,201331692,380.76000000,0.41300000,157.25388000,1604419311067,True,True
463,201331693,380.76000000,5.00000000,1903.80000000,1604419311255,False,True
464,201331694,380.76000000,40.45040000,15401.89430400,1604419311255,False,True
465,201331695,380.76000000,9.78619000,3726.18970440,1604419311409,False,True
466,201331696,380.76000000,9.78619000,3726.18970440,1604419311409,False,True
467,201331697,380.77000000,9.61109000,3659.61473930,1604419311409,False,True
468,201331698,380.77000000,1.05213000,400.61954010,1604419311409,False,True
469,201331699,380.78000000,7.60000000,2893.92800000,1604419312354,True,True
470,201331700,380.79000000,5.00000000,1903.95000000,1604419313244,True,True
471,201331701,380.79000000,0.14300000,54.45297000,1604419313343,True,True
472,201331702,380.80000000,0.02987000,11.37449600,1604419314004,True,True
473,201331703,380.81000000,0.03000000,11.42430000,1604419314048,False,True
474,201331704,380.80000000,0.10000000,38.08000000,1604419314490,True,True
475,201331705,380.81000000,0.05240000,19.95444400,1604419315477,False,True
476,201331706,380.78000000,3.24520000,1235.70725600,1604419316443,False,True
477,201331707,380.78000000,2.19113000,834.33848140,1604419316443,False,True
478,201331708,380.78000000,30.00000000,11423.40000000,1604419316443,False,True
479,201331709,380.79000000,1.78499000,679.70634210,1604419316443,False,True
480,201331710,380.79000000,2.90978000,1108.01512620,1604419316443,False,True
481,201331711,380.77000000,0.09220000,35.10699400,1604419318440,True,True
482,201331712,380.78000000,0.90300000,343.84434000,1604419321463,False,True
483,201331713,380.78000000,1.46500000,557.84270000,1604419321468,False,True
484,201331714,380.78000000,1.60000000,609.24800000,1604419321635,False,True
485,201331715,380.77000000,0.00002000,0.00761540,1604419321809,True,True
486,201331716,380.77000000,1.00949000,384.38350730,1604419321809,True,True
487,201331717,380.77000000,0.35900000,136.69643000,1604419322123,True,True
488,201331718,380.78000000,0.02952000,11.24062560,1604419322232,False,True
489,201331719,380.77000000,0.00006000,0.02284620,1604419322333,True,True
490,201331720,380.77000000,0.04594000,17.49257380,1604419322333,True,True
491,201331721,380.77000000,0.00067000,0.25511590,1604419322430,True,True
492,201331722,380.77000000,0.31655000,120.53274350,1604419322430,True,True
493,201331723,380.77000000,0.24300000,92.52711000,1604419322465,True,True
494,201331724,380.78000000,0.26262000,100.00044360,1604419322561,False,True
495,201331725,380.80000000,0.67167000,255.77193600,1604419322777,True,True
496,201331726,380.80000000,1.15800000,440.96640000,1604419322906,True,True
497,201331727,380.81000000,0.42058000,160.16106980,1604419323237,True,True
498,201331728,380.85000000,0.02888000,10.99894800,1604419323549,False,True
499,201331729,380.83000000,1.54494000,588.35950020,1604419324347,True,True
