,id,price,qty,quoteQty,time,isBuyerMaker,isBestMatch
0,201330455,381.67000000,2.38054000,908.58070180,1604419089256,True,True
1,201330456,381.62000000,0.30000000,114.48600000,1604419089547,False,True
2,201330457,381.61000000,0.02944000,11.23459840,1604419089558,True,True
3,201330458,381.59000000,0.25000000,95.39750000,1604419090049,False,True
4,201330459,381.58000000,0.19722000,75.25520760,1604419090059,True,True
5,201330460,381.59000000,0.05000000,19.07950000,1604419090164,False,True
6,201330461,381.59000000,4.07090000,1553.41473100,1604419090360,True,True
7,201330462,381.58000000,1.42339000,543.13715620,1604419091648,False,True
8,201330463,381.57000000,5.00000000,1907.85000000,1604419091659,True,True
9,201330464,381.57000000,0.73674000,281.11788180,1604419091659,True,True
10,201330465,381.57000000,0.83479000,318.53082030,1604419091748,False,True
11,201330466,381.56000000,0.16921000,64.56376760,1604419091764,True,True
12,201330467,381.61000000,5.00000000,1908.05000000,1604419092162,True,True
13,201330468,381.61000000,20.70679000,7901.91813190,1604419092162,True,True
14,201330469,381.63000000,0.56899000,217.14365370,1604419092897,True,True
15,201330470,381.63000000,4.43101000,1691.00634630,1604419092908,True,True
16,201330471,381.63000000,3.51499000,1341.42563370,1604419092908,True,True
17,201330472,381.64000000,0.03122000,11.91480080,1604419093252,False,True
18,201330473,381.63000000,0.11751000,44.84534130,1604419094871,True,True
19,201330474,381.66000000,0.29700000,113.35302000,1604419095803,True,True
20,201330475,381.66000000,4.02624000,1536.65475840,1604419095970,True,True
21,201330476,381.67000000,3.90000000,1488.51300000,1604419096489,False,True
22,201330477,381.68000000,7.80000000,2977.10400000,1604419096636,False,True
23,201330478,381.68000000,0.04023000,15.35498640,1604419096662,False,True
24,201330479,381.76000000,0.05000000,19.08800000,1604419096904,True,True
25,201330480,381.76000000,0.27600000,105.36576000,1604419097264,True,True
26,201330481,381.76000000,0.26245000,100.19291200,1604419097419,True,True
27,201330482,381.76000000,0.10171000,38.82880960,1604419098083,True,True
28,201330483,381.76000000,0.05240000,20.00422400,1604419098901,True,True
29,201330484,381.76000000,0.10490000,40.04662400,1604419100210,True,True
30,201330485,381.77000000,0.03079000,11.75469830,1604419101475,False,True
31,201330486,381.77000000,3.42790000,1308.66938300,1604419103605,False,True
32,201330487,381.77000000,2.64469000,1009.66330130,1604419103605,False,True
33,201330488,381.77000000,1.44496000,551.64237920,1604419103976,False,True
34,201330489,381.77000000,0.60670000,231.61985900,1604419104038,False,True
35,201330490,381.77000000,0.17866000,68.20702820,1604419104038,False,True
36,201330491,381.77000000,1.46019000,557.45673630,1604419104240,False,True
37,201330492,381.77000000,1.44255000,550.72231350,1604419104937,False,True
38,201330493,381.77000000,0.37729000,144.03800330,1604419105144,False,True
39,201330494,381.77000000,3.45869000,1320.42408130,1604419105201,False,True
40,201330495,381.77000000,0.09906000,37.81813620,1604419105244,False,True
41,201330496,381.77000000,1.44037000,549.89005490,1604419105344,False,True
42,201330497,381.77000000,1.91926000,732.71589020,1604419105354,False,True
43,201330498,381.77000000,1.17274000,447.71694980,1604419105354,False,True
44,201330499,381.77000000,2.28595000,872.70713150,1604419105373,False,True
45,201330500,381.77000000,0.99735000,380.75830950,1604419105387,False,True
46,201330501,381.77000000,1.46399000,558.90746230,1604419105437,False,True
47,201330502,381.77000000,0.99700000,380.62469000,1604419105457,False,True
48,201330503,381.77000000,0.00035000,0.13361950,1604419105543,False,True
49,201330504,381.77000000,0.26158000,99.86339660,1604419105543,False,True
50,201330505,381.77000000,0.26193000,99.99701610,1604419105545,False,True
51,201330506,381.77000000,0.26193000,99.99701610,1604419105545,False,True
52,201330507,381.77000000,0.26193000,99.99701610,1604419105548,False,True
53,201330508,381.77000000,0.26193000,99.99701610,1604419105549,False,True
54,201330509,381.77000000,1.44935000,553.31834950,1604419105552,False,True
55,201330510,381.77000000,0.32300000,123.31171000,1604419105566,False,True
56,201330511,381.77000000,0.05404000,20.63085080,1604419105590,False,True
57,201330512,381.77000000,0.32300000,123.31171000,1604419105795,False,True
58,201330513,381.77000000,1.43715000,548.66075550,1604419105815,False,True
59,201330514,381.77000000,2.02100000,771.55717000,1604419105869,False,True
60,201330515,381.76000000,0.05240000,20.00422400,1604419105994,True,True
61,201330516,381.76000000,0.10490000,40.04662400,1604419106959,True,True
62,201330517,381.77000000,0.00054000,0.20615580,1604419107388,False,True
63,201330518,381.77000000,3.45869000,1320.42408130,1604419107388,False,True
64,201330519,381.77000000,0.54077000,206.44976290,1604419107388,False,True
65,201330520,381.77000000,0.29403000,112.25183310,1604419107400,False,True
66,201330521,381.77000000,0.97600000,372.60752000,1604419107439,False,True
67,201330522,381.77000000,0.00097000,0.37031690,1604419109001,False,True
68,201330523,381.81000000,0.03366000,12.85172460,1604419109001,False,True
69,201330524,381.83000000,0.36542000,139.52831860,1604419109001,False,True
70,201330525,381.82000000,5.00000000,1909.10000000,1604419109152,True,True
71,201330526,381.82000000,1.35826000,518.61083320,1604419109152,True,True
72,201330527,381.82000000,0.10001000,38.18581820,1604419109253,True,True
73,201330528,381.80000000,0.37744000,144.10659200,1604419109354,True,True
74,201330529,381.82000000,0.03131000,11.95478420,1604419109668,False,True
75,201330530,381.81000000,0.05240000,20.00684400,1604419111855,True,True
76,201330531,381.78000000,0.05240000,20.00527200,1604419112062,True,True
77,201330532,381.81000000,0.10490000,40.05186900,1604419113703,True,True
78,201330533,381.82000000,11.00190000,4200.74545800,1604419114438,False,True
79,201330534,381.82000000,1.25342000,478.58082440,1604419114438,False,True
80,201330535,381.82000000,1.62668000,621.09895760,1604419114438,False,True
81,201330536,381.82000000,0.46100000,176.01902000,1604419114542,False,True
82,201330537,381.81000000,10.00000000,3818.10000000,1604419114769,True,True
83,201330538,381.81000000,56.24216000,21473.81910960,1604419114769,True,True
84,201330539,381.78000000,1.36362000,520.60284360,1604419114854,True,True
85,201330540,381.74000000,0.78588000,300.00183120,1604419114938,True,True
86,201330541,381.74000000,0.38445000,146.75994300,1604419114938,True,True
87,201330542,381.66000000,2.58000000,984.68280000,1604419115024,True,True
88,201330543,381.59000000,20.00000000,7631.80000000,1604419115371,False,True
89,201330544,381.59000000,5.37799000,2052.18720410,1604419115371,False,True
90,201330545,381.59000000,16.11721000,6150.16616390,1604419115371,False,True
91,201330546,381.58000000,1.17759000,449.34479220,1604419115500,True,True
92,201330547,381.58000000,0.28410000,108.40687800,1604419116356,True,True
93,201330548,381.59000000,0.07545000,28.79096550,1604419116736,False,True
94,201330549,381.56000000,0.23300000,88.90348000,1604419116956,False,True
95,201330550,381.56000000,1.40700000,536.85492000,1604419117221,False,True
96,201330551,381.56000000,0.02647000,10.09989320,1604419117355,False,True
97,201330552,381.53000000,0.21756000,83.00566680,1604419117424,True,True
98,201330553,381.52000000,0.12958000,49.43736160,1604419117460,True,True
99,201330554,381.50000000,2.56202000,977.41063000,1604419117460,True,True
100,201330555,381.45000000,0.78889000,300.92209050,1604419117550,True,True
101,201330556,381.39000000,5.93541000,2263.70601990,1604419117669,True,True
102,201330557,381.39000000,0.97499000,371.85143610,1604419117669,True,True
103,201330558,381.39000000,2.61000000,995.42790000,1604419117669,True,True
104,201330559,381.35000000,2.62000000,999.13700000,1604419117739,False,True
105,201330560,381.40000000,4.82556000,1840.46858400,1604419117841,False,True
106,201330561,381.41000000,1.42690000,544.23392900,1604419117841,False,True
107,201330562,381.41000000,1.00000000,381.41000000,1604419117863,False,True
108,201330563,381.41000000,1.00000000,381.41000000,1604419117891,False,True
109,201330564,381.41000000,0.02942000,11.22108220,1604419117951,False,True
110,201330565,381.40000000,5.00000000,1907.00000000,1604419118240,True,True
111,201330566,381.41000000,0.10000000,38.14100000,1604419118462,False,True
112,201330567,381.40000000,0.16209000,61.82112600,1604419119191,True,True
113,201330568,381.40000000,0.09247000,35.26805800,1604419119318,True,True
114,201330569,381.40000000,1.46236000,557.74410400,1604419119670,True,True
115,201330570,381.40000000,0.03120000,11.89968000,1604419119837,True,True
116,201330571,381.36000000,0.27401000,104.49645360,1604419119986,True,True
117,201330572,381.34000000,1.09559000,417.79229060,1604419119986,True,True
118,201330573,381.29000000,0.40720000,155.26128800,1604419119986,True,True
119,201330574,381.32000000,1.04578000,398.77682960,1604419120110,True,True
120,201330575,381.33000000,0.12294000,46.88071020,1604419120122,False,True
121,201330576,381.36000000,1.32462000,505.15708320,1604419120347,True,True
122,201330577,381.27000000,0.50000000,190.63500000,1604419121212,False,True
123,201330578,381.26000000,1.00000000,381.26000000,1604419121358,False,True
124,201330579,381.26000000,1.00000000,381.26000000,1604419121400,False,True
125,201330580,381.26000000,1.00000000,381.26000000,1604419121452,False,True
126,201330581,381.31000000,0.10000000,38.13100000,1604419122032,False,True
127,201330582,381.31000000,8.76300000,3341.41953000,1604419122770,False,True
128,201330583,381.33000000,0.11466000,43.72329780,1604419123054,False,True
129,201330584,381.32000000,0.30000000,114.39600000,1604419123956,True,True
130,201330585,381.32000000,0.04600000,17.54072000,1604419124043,True,True
131,201330586,381.32000000,0.30000000,114.39600000,1604419124151,True,True
132,201330587,381.33000000,0.55400000,211.25682000,1604419124765,True,True
133,201330588,381.33000000,0.05000000,19.06650000,1604419124960,True,True
134,201330589,381.35000000,0.10000000,38.13500000,1604419125071,True,True
135,201330590,381.35000000,0.28100000,107.15935000,1604419125272,True,True
136,201330591,381.39000000,1.80000000,686.50200000,1604419125858,False,True
137,201330592,381.40000000,0.40000000,152.56000000,1604419126247,True,True
138,201330593,381.41000000,0.03141000,11.98008810,1604419126278,False,True
139,201330594,381.40000000,2.25295000,859.27513000,1604419126728,True,True
140,201330595,381.40000000,0.30000000,114.42000000,1604419126728,True,True
141,201330596,381.40000000,0.40805000,155.63027000,1604419126728,True,True
142,201330597,381.40000000,4.59195000,1751.36973000,1604419126897,True,True
143,201330598,381.40000000,1.40805000,537.03027000,1604419126897,True,True
144,201330599,381.40000000,1.49553000,570.39514200,1604419126911,True,True
145,201330600,381.40000000,1.23747000,471.97105800,1604419126911,True,True
146,201330601,381.43000000,0.62412000,238.05809160,1604419127393,True,True
147,201330602,381.43000000,0.32300000,123.20189000,1604419127470,True,True
148,201330603,381.44000000,0.38445000,146.64460800,1604419127524,False,True
149,201330604,381.45000000,0.79013000,301.39508850,1604419127531,False,True
150,201330605,381.48000000,1.30000000,495.92400000,1604419127597,False,True
151,201330606,381.48000000,3.90000000,1487.77200000,1604419127597,False,True
152,201330607,381.49000000,0.24227000,92.42358230,1604419127621,False,True
153,201330608,381.50000000,2.62749000,1002.38743500,1604419127665,False,True
154,201330609,381.54000000,0.78629000,300.00108660,1604419127696,False,True
155,201330610,381.57000000,0.13000000,49.60410000,1604419127819,True,True
156,201330611,381.58000000,0.97499000,372.03668420,1604419127820,False,True
157,201330612,381.58000000,2.73000000,1041.71340000,1604419127835,True,True
158,201330613,381.62000000,5.00000000,1908.10000000,1604419127986,True,True
159,201330614,381.62000000,21.65397000,8263.58803140,1604419127986,True,True
160,201330615,381.62000000,6.00000000,2289.72000000,1604419128110,True,True
161,201330616,381.62000000,10.00000000,3816.20000000,1604419128110,True,True
162,201330617,381.52000000,0.46600000,177.78832000,1604419128475,True,True
163,201330618,381.56000000,0.24100000,91.95596000,1604419128940,True,True
164,201330619,381.54000000,0.62682000,239.15690280,1604419129355,False,True
165,201330620,381.54000000,0.72682000,277.31090280,1604419129469,False,True
166,201330621,381.54000000,3.64636000,1391.23219440,1604419129534,False,True
167,201330622,381.54000000,2.59614000,990.53125560,1604419129534,False,True
168,201330623,381.55000000,2.93000000,1117.94150000,1604419129699,True,True
169,201330624,381.55000000,0.00094000,0.35865700,1604419130338,True,True
170,201330625,381.53000000,2.75992000,1052.99227760,1604419130338,True,True
171,201330626,381.55000000,10.00000000,3815.50000000,1604419130458,True,True
172,201330627,381.55000000,0.11851000,45.21749050,1604419131001,True,True
173,201330628,381.56000000,0.32734000,124.89985040,1604419131140,False,True
174,201330629,381.56000000,5.00000000,1907.80000000,1604419132910,False,True
175,201330630,381.56000000,5.00000000,1907.80000000,1604419132910,False,True
176,201330631,381.55000000,0.36500000,139.26575000,1604419133149,True,True
177,201330632,381.55000000,0.00060000,0.22893000,1604419133921,True,True
178,201330633,381.46000000,0.35000000,133.51100000,1604419134009,False,True
179,201330634,381.46000000,1.40900000,537.47714000,1604419134110,False,True
180,201330635,381.46000000,0.32300000,123.21158000,1604419134224,False,True
181,201330636,381.44000000,0.02914000,11.11516160,1604419134504,False,True
182,201330637,381.44000000,19.69400000,7512.07936000,1604419134553,False,True
183,201330638,381.39000000,0.36500000,139.20735000,1604419134952,False,True
184,201330639,381.39000000,1.41450000,539.47615500,1604419135059,False,True
185,201330640,381.38000000,0.55648000,212.23034240,1604419135209,True,True
186,201330641,381.39000000,10.92740000,4167.60108600,1604419137563,False,True
187,201330642,381.39000000,6.05082000,2307.72223980,1604419137563,False,True
188,201330643,381.47000000,5.00000000,1907.35000000,1604419137724,True,True
189,201330644,381.47000000,1.25300000,477.98191000,1604419137724,True,True
190,201330645,381.44000000,0.28274000,107.84834560,1604419138314,True,True
191,201330646,381.37000000,0.21439000,81.76191430,1604419138536,False,True
192,201330647,381.37000000,1.00000000,381.37000000,1604419139078,False,True
193,201330648,381.37000000,1.00000000,381.37000000,1604419139094,False,True
194,201330649,381.37000000,1.00000000,381.37000000,1604419139112,False,True
195,201330650,381.37000000,1.00000000,381.37000000,1604419139523,False,True
196,201330651,381.37000000,1.00000000,381.37000000,1604419139533,False,True
197,201330652,381.37000000,1.00000000,381.37000000,1604419139539,False,True
198,201330653,381.37000000,0.10000000,38.13700000,1604419139580,False,True
199,201330654,381.37000000,0.35000000,133.47950000,1604419139674,False,True
200,201330655,381.40000000,0.07117000,27.14423800,1604419140109,True,True
201,201330656,381.41000000,0.16331000,62.28806710,1604419140449,False,True
202,201330657,381.45000000,2.65295000,1011.96777750,1604419140546,False,True
203,201330658,381.45000000,2.65295000,1011.96777750,1604419140546,False,True
204,201330659,381.54000000,0.20600000,78.59724000,1604419140779,True,True
205,201330660,381.54000000,4.79400000,1829.10276000,1604419140922,True,True
206,201330661,381.54000000,4.36900000,1666.94826000,1604419140922,True,True
207,201330662,381.54000000,0.22465000,85.71296100,1604419141046,True,True
208,201330663,381.54000000,0.26000000,99.20040000,1604419141829,True,True
209,201330664,381.54000000,0.22932000,87.49475280,1604419141844,True,True
210,201330665,381.55000000,0.05000000,19.07750000,1604419141857,False,True
211,201330666,381.55000000,0.04198000,16.01746900,1604419142476,False,True
212,201330667,381.55000000,0.00802000,3.06003100,1604419142843,False,True
213,201330668,381.64000000,0.02096000,7.99917440,1604419142843,False,True
214,201330669,381.59000000,2.27200000,866.97248000,1604419144469,True,True
215,201330670,381.59000000,0.49903000,190.42485770,1604419144565,True,True
216,201330671,381.59000000,0.22000000,83.94980000,1604419144674,True,True
217,201330672,381.58000000,2.08961000,797.35338380,1604419145562,True,True
218,201330673,381.58000000,2.08961000,797.35338380,1604419145562,True,True
219,201330674,381.56000000,2.90540000,1108.58442400,1604419145562,True,True
220,201330675,381.55000000,0.91538000,349.26323900,1604419145562,True,True
221,201330676,381.55000000,5.00000000,1907.75000000,1604419145633,False,True
222,201330677,381.54000000,0.10028000,38.26083120,1604419145849,True,True
223,201330678,381.47000000,0.50390000,192.22273300,1604419145961,False,True
224,201330679,381.47000000,0.99997000,381.45855590,1604419146032,False,True
225,201330680,381.47000000,0.21519000,82.08852930,1604419146054,False,True
226,201330681,381.47000000,6.40321000,2442.63251870,1604419146153,False,True
227,201330682,381.47000000,0.41200000,157.16564000,1604419146153,False,True
228,201330683,381.52000000,0.99997000,381.50855440,1604419148040,False,True
229,201330684,381.53000000,4.69700000,1792.04641000,1604419149110,False,True
230,201330685,381.49000000,0.19582000,74.70337180,1604419149677,True,True
231,201330686,381.50000000,3.04920000,1163.26980000,1604419149895,True,True
232,201330687,381.49000000,1.45080000,553.46569200,1604419149895,True,True
233,201330688,381.50000000,0.99997000,381.48855500,1604419150085,False,True
234,201330689,381.49000000,0.78639000,299.99992110,1604419150748,True,True
235,201330690,381.47000000,15.82937000,6038.42977390,1604419150748,True,True
236,201330691,381.48000000,1.31600000,502.02768000,1604419150891,False,True
237,201330692,381.47000000,0.48400000,184.63148000,1604419151009,False,True
238,201330693,381.47000000,0.02958000,11.28388260,1604419151063,False,True
239,201330694,381.46000000,4.04910000,1544.56968600,1604419151199,False,True
240,201330695,381.46000000,0.05000000,19.07300000,1604419151223,False,True
241,201330696,381.46000000,5.00000000,1907.30000000,1604419151268,False,True
242,201330697,381.46000000,0.90090000,343.65731400,1604419151281,False,True
243,201330698,381.46000000,1.75205000,668.33699300,1604419151281,False,True
244,201330699,381.46000000,0.36440000,139.00402400,1604419151287,False,True
245,201330700,381.50000000,0.25661000,97.89671500,1604419151309,False,True
246,201330701,381.51000000,5.74339000,2191.16071890,1604419151309,False,True
247,201330702,381.53000000,0.24225000,92.42564250,1604419151429,False,True
248,201330703,381.56000000,0.32300000,123.24388000,1604419151549,True,True
249,201330704,381.63000000,0.32300000,123.26649000,1604419151792,True,True
250,201330705,381.63000000,4.67700000,1784.88351000,1604419151910,True,True
251,201330706,381.63000000,0.32300000,123.26649000,1604419151910,True,True
252,201330707,381.63000000,0.37500000,143.11125000,1604419152031,True,True
253,201330708,381.65000000,0.12194000,46.53840100,1604419152087,False,True
254,201330709,381.63000000,0.28400000,108.38292000,1604419152110,True,True
255,201330710,381.63000000,5.00000000,1908.15000000,1604419152338,True,True
256,201330711,381.63000000,3.97900000,1518.50577000,1604419152446,True,True
257,201330712,381.63000000,0.20000000,76.32600000,1604419152682,True,True
258,201330713,381.63000000,0.03037000,11.59010310,1604419153150,True,True
259,201330714,381.64000000,0.42300000,161.43372000,1604419154074,False,True
260,201330715,381.67000000,0.11751000,44.85004170,1604419154910,True,True
261,201330716,381.67000000,0.19110000,72.93713700,1604419154915,True,True
262,201330717,381.68000000,0.29600000,112.97728000,1604419155227,True,True
263,201330718,381.69000000,3.90000000,1488.59100000,1604419155363,True,True
264,201330719,381.70000000,5.66090000,2160.76553000,1604419157763,False,True
265,201330720,381.70000000,0.76311000,291.27908700,1604419157763,False,True
266,201330721,381.70000000,0.28399000,108.39898300,1604419157763,False,True
267,201330722,381.70000000,5.00000000,1908.50000000,1604419157763,False,True
268,201330723,381.70000000,3.42900000,1308.84930000,1604419157763,False,True
269,201330724,381.70000000,0.00040000,0.15268000,1604419158075,False,True
270,201330725,381.70000000,0.59060000,225.43202000,1604419158075,False,True
271,201330726,381.67000000,0.14300000,54.57881000,1604419158289,False,True
272,201330727,381.65000000,1.43700000,548.43105000,1604419158413,False,True
273,201330728,381.65000000,0.14400000,54.95760000,1604419158500,False,True
274,201330729,381.64000000,0.22400000,85.48736000,1604419158736,False,True
275,201330730,381.64000000,0.03146000,12.00639440,1604419159377,False,True
276,201330731,381.64000000,2.67831000,1022.15022840,1604419160337,False,True
277,201330732,381.64000000,0.87169000,332.67177160,1604419160337,False,True
278,201330733,381.64000000,0.05892000,22.48622880,1604419160482,False,True
279,201330734,381.64000000,3.62908000,1385.00209120,1604419160482,False,True
280,201330735,381.64000000,0.12394000,47.30046160,1604419160505,False,True
281,201330736,381.64000000,0.66268000,252.90519520,1604419160505,False,True
282,201330737,381.65000000,0.21338000,81.43647700,1604419160505,False,True
283,201330738,381.64000000,1.00000000,381.64000000,1604419160582,False,True
284,201330739,381.64000000,1.00000000,381.64000000,1604419160631,False,True
285,201330740,381.64000000,0.38904000,148.47322560,1604419160906,False,True
286,201330741,381.64000000,19.36596000,7390.82497440,1604419160906,False,True
287,201330742,381.67000000,0.11659000,44.49890530,1604419160957,False,True
288,201330743,381.70000000,0.88341000,337.19759700,1604419160957,False,True
289,201330744,381.68000000,1.00000000,381.68000000,1604419161020,False,True
290,201330745,381.66000000,0.10295000,39.29189700,1604419161125,True,True
291,201330746,381.67000000,3.29953000,1259.33161510,1604419161155,True,True
292,201330747,381.63000000,0.48302000,184.33492260,1604419161945,True,True
293,201330748,381.64000000,0.89511000,341.60978040,1604419162342,False,True
294,201330749,381.64000000,28.39947000,10838.37373080,1604419162342,False,True
295,201330750,381.64000000,1.60053000,610.82626920,1604419162350,False,True
296,201330751,381.64000000,0.68802000,262.57595280,1604419162350,False,True
297,201330752,381.64000000,0.37616000,143.55770240,1604419162351,False,True
298,201330753,381.64000000,1.34886000,514.77893040,1604419162352,False,True
299,201330754,381.64000000,2.26575000,864.70083000,1604419162353,False,True
300,201330755,381.65000000,1.73341000,661.55592650,1604419162353,False,True
301,201330756,381.65000000,1.00084000,381.97058600,1604419162353,False,True
302,201330757,381.67000000,0.14623000,55.81160410,1604419162499,False,True
303,201330758,381.66000000,1.62783000,621.27759780,1604419162507,True,True
304,201330759,381.69000000,0.35434000,135.24803460,1604419162529,True,True
305,201330760,381.69000000,0.38500000,146.95065000,1604419162606,True,True
306,201330761,381.70000000,1.00000000,381.70000000,1604419163964,False,True
307,201330762,381.70000000,1.00000000,381.70000000,1604419164029,False,True
308,201330763,381.70000000,0.54599000,208.40438300,1604419164075,False,True
309,201330764,381.70000000,0.45401000,173.29561700,1604419164075,False,True
310,201330765,381.70000000,4.59500000,1753.91150000,1604419164272,False,True
311,201330766,381.70000000,3.42900000,1308.84930000,1604419164391,False,True
312,201330767,381.69000000,0.15200000,58.01688000,1604419164630,True,True
313,201330768,381.70000000,0.00040000,0.15268000,1604419164822,False,True
314,201330769,381.70000000,19.04060000,7267.79702000,1604419164822,False,True
315,201330770,381.70000000,1.53000000,584.00100000,1604419164900,False,True
316,201330771,381.69000000,3.83448000,1463.58267120,1604419165074,True,True
317,201330772,381.69000000,19.74824000,7537.70572560,1604419165074,True,True
318,201330773,381.67000000,2.95400000,1127.45318000,1604419165203,False,True
319,201330774,381.65000000,5.00000000,1908.25000000,1604419165762,False,True
320,201330775,381.65000000,1.35935000,518.79592750,1604419165762,False,True
321,201330776,381.65000000,9.97065000,3805.29857250,1604419165762,False,True
322,201330777,381.66000000,2.44900000,934.68534000,1604419166146,False,True
323,201330778,381.68000000,0.28000000,106.87040000,1604419166452,True,True
324,201330779,381.69000000,0.38400000,146.56896000,1604419166877,False,True
325,201330780,381.69000000,0.43136000,164.64579840,1604419167121,True,True
326,201330781,381.69000000,0.91617000,349.69292730,1604419167222,True,True
327,201330782,381.69000000,0.14000000,53.43660000,1604419167412,True,True
328,201330783,381.70000000,0.03064000,11.69528800,1604419167587,False,True
329,201330784,381.70000000,2.61600000,998.52720000,1604419168259,False,True
330,201330785,381.70000000,0.78200000,298.48940000,1604419169536,False,True
331,201330786,381.70000000,0.00076000,0.29009200,1604419169857,False,True
332,201330787,381.70000000,0.48324000,184.45270800,1604419169857,False,True
333,201330788,381.70000000,1.73400000,661.86780000,1604419169966,False,True
334,201330789,381.67000000,0.24300000,92.74581000,1604419170694,False,True
335,201330790,381.67000000,1.12100000,427.85207000,1604419170812,False,True
336,201330791,381.65000000,0.32300000,123.27295000,1604419171035,False,True
337,201330792,381.65000000,0.50100000,191.20665000,1604419171117,False,True
338,201330793,381.65000000,0.87324000,333.27204600,1604419171172,True,True
339,201330794,381.66000000,0.04887000,18.65172420,1604419171513,False,True
340,201330795,381.69000000,2.80003000,1068.74345070,1604419173619,True,True
341,201330796,381.67000000,10.00000000,3816.70000000,1604419173738,False,True
342,201330797,381.67000000,0.57900000,220.98693000,1604419173738,False,True
343,201330798,381.70000000,1.69540000,647.13418000,1604419175501,False,True
344,201330799,381.70000000,1.73400000,661.86780000,1604419175513,False,True
345,201330800,381.70000000,1.69540000,647.13418000,1604419175644,False,True
346,201330801,381.70000000,1.69540000,647.13418000,1604419175658,False,True
347,201330802,381.70000000,1.73400000,661.86780000,1604419175659,False,True
348,201330803,381.70000000,1.69540000,647.13418000,1604419175659,False,True
349,201330804,381.70000000,0.38444000,146.74074800,1604419175659,False,True
350,201330805,381.70000000,1.34956000,515.12705200,1604419175677,False,True
351,201330806,381.70000000,1.34956000,515.12705200,1604419175691,False,True
352,201330807,381.70000000,2.07984000,793.87492800,1604419175692,False,True
353,201330808,381.70000000,1.34956000,515.12705200,1604419175692,False,True
354,201330809,381.70000000,0.44686000,170.56646200,1604419175704,False,True
355,201330810,381.74000000,0.11148000,42.55637520,1604419175726,False,True
356,201330811,381.83000000,0.02914000,11.12652620,1604419175805,False,True
357,201330812,381.82000000,0.28751000,109.77706820,1604419175867,True,True
358,201330813,381.82000000,0.09572000,36.54781040,1604419175938,True,True
359,201330814,381.82000000,4.61677000,1762.77512140,1604419175977,True,True
360,201330815,381.82000000,2.50623000,956.92873860,1604419175977,True,True
361,201330816,381.82000000,0.14800000,56.50936000,1604419176067,True,True
362,201330817,381.82000000,0.28800000,109.96416000,1604419176184,True,True
363,201330818,381.82000000,0.45800000,174.87356000,1604419176263,True,True
364,201330819,381.82000000,2.46019000,939.34974580,1604419176706,True,True
365,201330820,381.82000000,0.93381000,356.54733420,1604419176706,True,True
366,201330821,381.82000000,0.05000000,19.09100000,1604419176912,True,True
367,201330822,381.82000000,0.10000000,38.18200000,1604419177004,True,True
368,201330823,381.82000000,0.05240000,20.00736800,1604419177473,True,True
369,201330824,381.82000000,0.10000000,38.18200000,1604419177559,True,True
370,201330825,381.82000000,0.20884000,79.73928880,1604419177565,True,True
371,201330826,381.82000000,0.05240000,20.00736800,1604419177627,True,True
372,201330827,381.82000000,0.41000000,156.54620000,1604419177638,True,True
373,201330828,381.82000000,0.10000000,38.18200000,1604419177744,True,True
374,201330829,381.82000000,0.10490000,40.05291800,1604419178210,True,True
375,201330830,381.80000000,1.00000000,381.80000000,1604419180204,False,True
376,201330831,381.80000000,1.00000000,381.80000000,1604419180214,False,True
377,201330832,381.80000000,1.00000000,381.80000000,1604419180256,False,True
378,201330833,381.75000000,0.16830000,64.24852500,1604419180431,True,True
379,201330834,381.71000000,0.39500000,150.77545000,1604419180511,False,True
380,201330835,381.71000000,0.31680000,120.92572800,1604419180563,False,True
381,201330836,381.70000000,0.03301000,12.59991700,1604419180579,True,True
382,201330837,381.67000000,2.30151000,878.41732170,1604419180579,True,True
383,201330838,381.68000000,1.00000000,381.68000000,1604419180640,False,True
384,201330839,381.68000000,1.00000000,381.68000000,1604419180643,False,True
385,201330840,381.68000000,1.00000000,381.68000000,1604419180680,False,True
386,201330841,381.68000000,0.60500000,230.91640000,1604419180717,False,True
387,201330842,381.67000000,1.88583000,719.76473610,1604419180788,True,True
388,201330843,381.68000000,3.29430000,1257.36842400,1604419180923,False,True
389,201330844,381.68000000,1.89770000,724.31413600,1604419180923,False,True
390,201330845,381.67000000,1.94482000,742.27944940,1604419180951,True,True
391,201330846,381.68000000,8.10230000,3092.48586400,1604419181038,False,True
392,201330847,381.68000000,0.37994000,145.01549920,1604419181038,False,True
393,201330848,381.68000000,1.05937000,404.34034160,1604419181038,False,True
394,201330849,381.68000000,0.20559000,78.46959120,1604419181038,False,True
395,201330850,381.68000000,1.16980000,446.48926400,1604419181038,False,True
396,201330851,381.69000000,0.69572000,265.54936680,1604419181092,True,True
397,201330852,381.70000000,0.08600000,32.82620000,1604419181336,False,True
398,201330853,381.68000000,0.05000000,19.08400000,1604419181555,False,True
399,201330854,381.63000000,0.00036000,0.13738680,1604419182077,True,True
400,201330855,381.63000000,0.14812000,56.52703560,1604419182077,True,True
401,201330856,381.57000000,0.10300000,39.30171000,1604419182174,False,True
402,201330857,381.55000000,0.02874000,10.96574700,1604419182401,True,True
403,201330858,381.54000000,0.58366000,222.68963640,1604419182401,True,True
404,201330859,381.54000000,0.20263000,77.31145020,1604419182426,True,True
405,201330860,381.52000000,10.09400000,3851.06288000,1604419183996,True,True
406,201330861,381.53000000,0.03018000,11.51457540,1604419184047,False,True
407,201330862,381.52000000,0.38385000,146.44645200,1604419184107,True,True
408,201330863,381.52000000,2.51032000,957.73728640,1604419184166,True,True
409,201330864,381.50000000,3.90000000,1487.85000000,1604419184195,True,True
410,201330865,381.48000000,0.19836000,75.67037280,1604419184200,True,True
411,201330866,381.46000000,0.40164000,153.20959440,1604419184200,True,True
412,201330867,381.41000000,0.13483000,51.42551030,1604419184408,False,True
413,201330868,381.40000000,0.41987000,160.13841800,1604419184693,True,True
414,201330869,381.40000000,0.07582000,28.91774800,1604419184693,True,True
415,201330870,381.41000000,5.00000000,1907.05000000,1604419184924,True,True
416,201330871,381.41000000,2.85500000,1088.92555000,1604419184924,True,True
417,201330872,381.40000000,5.00000000,1907.00000000,1604419185037,True,True
418,201330873,381.41000000,1.61465000,615.84365650,1604419185115,False,True
419,201330874,381.40000000,4.79924000,1830.43013600,1604419185142,True,True
420,201330875,381.40000000,0.60176000,229.51126400,1604419185142,True,True
421,201330876,381.42000000,0.32300000,123.19866000,1604419185453,True,True
422,201330877,381.42000000,9.27300000,3536.90766000,1604419185676,True,True
423,201330878,381.42000000,0.04882000,18.62092440,1604419189571,True,True
424,201330879,381.43000000,1.22800000,468.39604000,1604419191470,False,True
425,201330880,381.44000000,0.03091000,11.79031040,1604419192253,False,True
426,201330881,381.48000000,2.67040000,1018.70419200,1604419193213,True,True
427,201330882,381.52000000,0.18672000,71.23741440,1604419193451,False,True
428,201330883,381.58000000,1.38200000,527.34356000,1604419193634,True,True
429,201330884,381.58000000,2.98300000,1138.25314000,1604419193835,True,True
430,201330885,381.61000000,1.46226000,558.01303860,1604419194017,True,True
431,201330886,381.62000000,0.35353000,134.91411860,1604419194355,False,True
432,201330887,381.64000000,0.15923000,60.76853720,1604419194405,False,True
433,201330888,381.68000000,5.00000000,1908.40000000,1604419194457,True,True
434,201330889,381.71000000,1.12344000,428.82828240,1604419194576,True,True
435,201330890,381.71000000,0.13633000,52.03852430,1604419194698,True,True
436,201330891,381.71000000,0.05000000,19.08550000,1604419194882,True,True
437,201330892,381.73000000,11.09942000,4236.98159660,1604419195217,True,True
438,201330893,381.73000000,11.09943000,4236.98541390,1604419195217,True,True
439,201330894,381.73000000,3.19767000,1220.64656910,1604419195217,True,True
440,201330895,381.73000000,5.81468000,2219.63779640,1604419195217,True,True
441,201330896,381.65000000,0.63900000,243.87435000,1604419195759,False,True
442,201330897,381.64000000,0.38444000,146.71768160,1604419195925,True,True
443,201330898,381.63000000,0.03124000,11.92212120,1604419195968,True,True
444,201330899,381.63000000,0.38400000,146.54592000,1604419195968,True,True
445,201330900,381.58000000,0.38444000,146.69461520,1604419196145,False,True
446,201330901,381.58000000,0.06256000,23.87164480,1604419196145,False,True
447,201330902,381.57000000,0.26547000,101.29538790,1604419196247,True,True
448,201330903,381.50000000,0.26857000,102.45945500,1604419196461,False,True
449,201330904,381.50000000,4.73143000,1805.04054500,1604419196507,False,True
450,201330905,381.50000000,0.30484000,116.29646000,1604419196507,False,True
451,201330906,381.50000000,6.20300000,2366.44450000,1604419196558,False,True
452,201330907,381.50000000,1.31000000,499.76500000,1604419197224,False,True
453,201330908,381.50000000,3.00000000,1144.50000000,1604419197453,False,True
454,201330909,381.50000000,0.05000000,19.07500000,1604419198310,False,True
455,201330910,381.50000000,0.35134000,134.03621000,1604419198550,False,True
456,201330911,381.46000000,0.10300000,39.29038000,1604419199001,False,True
457,201330912,381.48000000,0.10696000,40.80310080,1604419200068,True,True
458,201330913,381.49000000,0.03149000,12.01312010,1604419200566,False,True
459,201330914,381.48000000,1.91477000,730.44645960,1604419201110,True,True
460,201330915,381.49000000,0.80756000,308.07606440,1604419201368,False,True
461,201330916,381.48000000,0.07002000,26.71122960,1604419201582,True,True
462,201330917,381.48000000,1.61000000,614.18280000,1604419201678,True,True
463,201330918,381.49000000,0.10000000,38.14900000,1604419202087,False,True
464,201330919,381.48000000,0.00088000,0.33570240,1604419202109,True,True
465,201330920,381.42000000,0.23562000,89.87018040,1604419202109,True,True
466,201330921,381.40000000,0.07206000,27.48368400,1604419202109,True,True
467,201330922,381.46000000,0.76130000,290.40549800,1604419202944,True,True
468,201330923,381.47000000,0.18553000,70.77412910,1604419202977,False,True
469,201330924,381.46000000,0.40994000,156.37571240,1604419203863,True,True
470,201330925,381.47000000,0.03307000,12.61521290,1604419203923,False,True
471,201330926,381.48000000,1.91331000,729.88949880,1604419204118,True,True
472,201330927,381.48000000,1.04221000,397.58227080,1604419205061,True,True
473,201330928,381.48000000,1.69187000,645.41456760,1604419205157,True,True
474,201330929,381.48000000,0.35261000,134.51366280,1604419205196,True,True
475,201330930,381.48000000,0.95809000,365.49217320,1604419205196,True,True
476,201330931,381.47000000,0.05936000,22.64405920,1604419206811,True,True
477,201330932,381.48000000,0.03007000,11.47110360,1604419207941,False,True
478,201330933,381.50000000,1.90315000,726.05172500,1604419208120,True,True
479,201330934,381.50000000,0.85033000,324.40089500,1604419208258,True,True
480,201330935,381.51000000,0.22759000,86.82786090,1604419208385,False,True
481,201330936,381.51000000,0.00741000,2.82698910,1604419208385,False,True
482,201330937,381.52000000,0.03031000,11.56387120,1604419208488,True,True
483,201330938,381.53000000,1.84642000,704.46462260,1604419208542,False,True
484,201330939,381.52000000,1.83187000,698.89504240,1604419208647,True,True
485,201330940,381.52000000,0.92107000,351.40662640,1604419208747,True,True
486,201330941,381.49000000,0.03137000,11.96734130,1604419208878,False,True
487,201330942,381.49000000,1.31094000,500.11050060,1604419209302,False,True
488,201330943,381.53000000,5.24377000,2000.65556810,1604419209361,False,True
489,201330944,381.55000000,0.13661000,52.12354550,1604419209372,False,True
490,201330945,381.56000000,5.24363000,2000.75946280,1604419209372,False,True
491,201330946,381.58000000,6.00000000,2289.48000000,1604419209372,False,True
492,201330947,381.58000000,5.14888000,1964.70963040,1604419209372,False,True
493,201330948,381.60000000,1.31070000,500.16312000,1604419209391,False,True
494,201330949,381.59000000,0.32300000,123.25357000,1604419209468,True,True
495,201330950,381.59000000,1.89471000,723.00238890,1604419209614,True,True
496,201330951,381.59000000,0.21330000,81.39314700,1604419209819,True,True
497,201330952,381.59000000,1.63225000,622.85027750,1604419210016,True,True
498,201330953,381.59000000,0.22238000,84.85798420,1604419210268,True,True
499,201330954,381.59000000,1.86071000,710.02832890,1604419210531,True,True
