,id,price,qty,quoteQty,time,isBuyerMaker,isBestMatch
0,206686883,461.80000000,4.99500000,2306.69100000,1605428298044,False,True
1,206686884,461.81000000,0.30000000,138.54300000,1605428298064,False,True
2,206686885,461.81000000,0.02382000,11.00031420,1605428298064,False,True
3,206686886,461.81000000,0.05559000,25.67201790,1605428298064,False,True
4,206686887,461.81000000,0.13731000,63.41113110,1605428298064,False,True
5,206686888,461.81000000,0.13731000,63.41113110,1605428298064,False,True
6,206686889,461.82000000,0.02835000,13.09259700,1605428298064,False,True
7,206686890,461.82000000,1.10000000,508.00200000,1605428298064,False,True
8,206686891,461.82000000,1.66623000,769.49833860,1605428298064,False,True
9,206686892,461.83000000,0.02910000,13.43925300,1605428298064,False,True
10,206686893,461.84000000,0.02382000,11.00102880,1605428298094,False,True
11,206686894,461.84000000,0.26216000,121.07597440,1605428298094,False,True
12,206686895,461.84000000,0.75075000,346.72638000,1605428298094,False,True
13,206686896,461.84000000,9.40000000,4341.29600000,1605428298094,False,True
14,206686897,461.85000000,0.02394000,11.05668900,1605428298094,False,True
15,206686898,461.85000000,9.20000000,4249.02000000,1605428298094,False,True
16,206686899,461.85000000,1.61584000,746.27570400,1605428298094,False,True
17,206686900,461.85000000,1.10215000,509.02797750,1605428298105,False,True
18,206686901,461.86000000,0.04604000,21.26403440,1605428298105,False,True
19,206686902,461.86000000,6.35181000,2933.64696660,1605428298105,False,True
20,206686903,461.83000000,3.68000000,1699.53440000,1605428298183,True,True
21,206686904,461.84000000,5.69004000,2627.88807360,1605428298310,True,True
22,206686905,461.84000000,3.31445000,1530.74558800,1605428298310,True,True
23,206686906,461.84000000,0.03813000,17.60995920,1605428298310,True,True
24,206686907,461.83000000,0.24000000,110.83920000,1605428298332,True,True
25,206686908,461.84000000,6.27738000,2899.14517920,1605428298376,False,True
26,206686909,461.84000000,5.18300000,2393.71672000,1605428298376,False,True
27,206686910,461.84000000,2.82762000,1305.90802080,1605428298376,False,True
28,206686911,461.85000000,0.19700000,90.98445000,1605428298576,True,True
29,206686912,461.85000000,0.06503000,30.03410550,1605428298856,True,True
30,206686913,461.85000000,3.00093000,1385.97952050,1605428298856,True,True
31,206686914,461.85000000,8.44004000,3898.03247400,1605428298856,True,True
32,206686915,461.81000000,0.02435000,11.24507350,1605428300676,True,True
33,206686916,461.83000000,1.79980000,831.20163400,1605428301327,False,True
34,206686917,461.83000000,0.17400000,80.35842000,1605428301351,False,True
35,206686918,461.83000000,0.30500000,140.85815000,1605428301360,False,True
36,206686919,461.83000000,0.17400000,80.35842000,1605428301369,False,True
37,206686920,461.83000000,0.17400000,80.35842000,1605428301373,False,True
38,206686921,461.82000000,0.10700000,49.41474000,1605428301383,True,True
39,206686922,461.82000000,0.10700000,49.41474000,1605428301383,True,True
40,206686923,461.82000000,0.21400000,98.82948000,1605428301383,True,True
41,206686924,461.82000000,0.10700000,49.41474000,1605428301383,True,True
42,206686925,461.82000000,0.10700000,49.41474000,1605428301383,True,True
43,206686926,461.82000000,0.64500000,297.87390000,1605428301383,True,True
44,206686927,461.80000000,0.13463000,62.17213400,1605428301608,False,True
45,206686928,461.80000000,0.42800000,197.65040000,1605428301704,False,True
46,206686929,461.80000000,0.24387000,112.61916600,1605428301807,False,True
47,206686930,461.79000000,0.62169000,287.09022510,1605428301870,True,True
48,206686931,461.80000000,0.23287000,107.53936600,1605428302315,True,True
49,206686932,461.80000000,0.07963000,36.77313400,1605428302589,True,True
50,206686933,461.82000000,0.16720000,77.21630400,1605428303958,True,True
51,206686934,461.82000000,0.13535000,62.50733700,1605428305071,True,True
52,206686935,461.83000000,0.35712000,164.92872960,1605428305356,False,True
53,206686936,461.83000000,0.95036000,438.90475880,1605428305625,False,True
54,206686937,461.83000000,30.00000000,13854.90000000,1605428305625,False,True
55,206686938,461.83000000,0.02491000,11.50418530,1605428306892,True,True
56,206686939,461.83000000,0.69503000,320.98570490,1605428306911,True,True
57,206686940,461.83000000,0.05826000,26.90621580,1605428307519,True,True
58,206686941,461.83000000,2.77900000,1283.42557000,1605428308456,True,True
59,206686942,461.83000000,0.00003000,0.01385490,1605428308465,True,True
60,206686943,461.79000000,0.24100000,111.29139000,1605428309296,True,True
61,206686944,461.79000000,0.00070000,0.32325300,1605428311411,True,True
62,206686945,461.79000000,0.92130000,425.44712700,1605428311411,True,True
63,206686946,461.79000000,0.72410000,334.38213900,1605428312242,True,True
64,206686947,461.80000000,0.37727000,174.22328600,1605428313654,False,True
65,206686948,461.83000000,0.04641000,21.43353030,1605428313654,False,True
66,206686949,461.85000000,0.02435000,11.24604750,1605428313654,False,True
67,206686950,461.87000000,0.84970000,392.45093900,1605428313654,False,True
68,206686951,461.85000000,0.02439000,11.26452150,1605428315086,True,True
69,206686952,461.86000000,0.40000000,184.74400000,1605428315204,False,True
70,206686953,461.86000000,0.16543000,76.40549980,1605428315402,False,True
71,206686954,461.87000000,5.65829000,2613.39440230,1605428315402,False,True
72,206686955,461.88000000,0.02547000,11.76408360,1605428315402,False,True
73,206686956,461.88000000,0.06750000,31.17690000,1605428315402,False,True
74,206686957,461.88000000,0.10000000,46.18800000,1605428315402,False,True
75,206686958,461.88000000,0.12923000,59.68875240,1605428315402,False,True
76,206686959,461.88000000,9.99000000,4614.18120000,1605428315402,False,True
77,206686960,461.88000000,0.15257000,70.46903160,1605428315402,False,True
78,206686961,461.88000000,1.08278000,500.11442640,1605428315402,False,True
79,206686962,461.89000000,0.02223000,10.26781470,1605428315402,False,True
80,206686963,461.89000000,0.03954000,18.26313060,1605428315402,False,True
81,206686964,461.89000000,0.44550000,205.77199500,1605428315402,False,True
82,206686965,461.89000000,1.40000000,646.64600000,1605428315402,False,True
83,206686966,461.89000000,18.20467000,8408.55502630,1605428315402,False,True
84,206686967,461.89000000,4.00593000,1850.29900770,1605428315402,False,True
85,206686968,461.90000000,0.02690000,12.42511000,1605428315402,False,True
86,206686969,461.90000000,0.13237000,61.14170300,1605428315402,False,True
87,206686970,461.90000000,32.96700000,15227.45730000,1605428315402,False,True
88,206686971,461.90000000,0.23450000,108.31555000,1605428315402,False,True
89,206686972,461.90000000,0.17673000,81.63158700,1605428315402,False,True
90,206686973,461.90000000,5.60000000,2586.64000000,1605428315402,False,True
91,206686974,461.90000000,0.04730000,21.84787000,1605428315612,True,True
92,206686975,461.90000000,0.06390000,29.51541000,1605428316400,True,True
93,206686976,461.91000000,0.10000000,46.19100000,1605428316487,False,True
94,206686977,461.91000000,2.61901000,1209.74690910,1605428316487,False,True
95,206686978,461.91000000,0.17673000,81.63335430,1605428316487,False,True
96,206686979,461.91000000,0.20000000,92.38200000,1605428316487,False,True
97,206686980,461.91000000,2.00000000,923.82000000,1605428316487,False,True
98,206686981,461.91000000,1.08277000,500.14229070,1605428316487,False,True
99,206686982,461.92000000,0.02465000,11.38632800,1605428316509,False,True
100,206686983,461.92000000,0.19617000,90.61484640,1605428316509,False,True
101,206686984,461.92000000,0.03369000,15.56208480,1605428316509,False,True
102,206686985,461.92000000,0.17673000,81.63512160,1605428316509,False,True
103,206686986,461.92000000,1.08243000,499.99606560,1605428316509,False,True
104,206686987,461.92000000,0.27890000,128.82948800,1605428316509,False,True
105,206686988,461.93000000,0.11568000,53.43606240,1605428316517,False,True
106,206686989,461.93000000,0.27890000,128.83227700,1605428316517,False,True
107,206686990,461.93000000,0.27890000,128.83227700,1605428316517,False,True
108,206686991,461.94000000,0.10863000,50.18054220,1605428316517,False,True
109,206686992,461.94000000,0.07000000,32.33580000,1605428316517,False,True
110,206686993,461.94000000,0.07277000,33.61537380,1605428316517,False,True
111,206686994,461.95000000,0.03232000,14.93022400,1605428316517,False,True
112,206686995,461.95000000,0.24227000,111.91662650,1605428316517,False,True
113,206686996,461.96000000,0.03376000,15.59576960,1605428316517,False,True
114,206686997,461.97000000,0.58200000,268.86654000,1605428316674,True,True
115,206686998,461.97000000,0.23000000,106.25310000,1605428316744,True,True
116,206686999,461.95000000,4.46164000,2061.05459800,1605428316793,True,True
117,206687000,461.94000000,3.93104000,1815.90461760,1605428316793,True,True
118,206687001,461.91000000,0.11830000,54.64395300,1605428317651,True,True
119,206687002,461.91000000,0.05700000,26.32887000,1605428318092,True,True
120,206687003,461.91000000,0.06791000,31.36830810,1605428319386,True,True
121,206687004,461.91000000,0.04210000,19.44641100,1605428320021,True,True
122,206687005,461.92000000,0.03334000,15.40041280,1605428321605,True,True
123,206687006,461.92000000,0.02388000,11.03064960,1605428323292,True,True
124,206687007,461.93000000,0.39761000,183.66798730,1605428324523,False,True
125,206687008,461.92000000,0.38999000,180.14418080,1605428324630,True,True
126,206687009,461.92000000,0.06784000,31.33665280,1605428324630,True,True
127,206687010,461.92000000,0.20717000,95.69596640,1605428325340,True,True
128,206687011,461.92000000,0.10036000,46.35829120,1605428325340,True,True
129,206687012,461.93000000,1.25212000,578.39179160,1605428325678,True,True
130,206687013,461.91000000,0.23252000,107.40331320,1605428326130,True,True
131,206687014,461.90000000,0.20270000,93.62713000,1605428327752,True,True
132,206687015,461.90000000,0.30000000,138.57000000,1605428327897,True,True
133,206687016,461.91000000,4.14921000,1916.56159110,1605428328100,False,True
134,206687017,461.91000000,1.37907000,637.00622370,1605428328100,False,True
135,206687018,461.91000000,4.46156000,2060.83917960,1605428328100,False,True
136,206687019,461.94000000,0.07000000,32.33580000,1605428328100,False,True
137,206687020,461.94000000,9.62931000,4448.16346140,1605428328100,False,True
138,206687021,461.95000000,0.28555000,131.90982250,1605428328294,True,True
139,206687022,461.95000000,3.84703000,1777.13550850,1605428328420,True,True
140,206687023,461.94000000,15.05988000,6956.76096720,1605428328644,True,True
141,206687024,461.94000000,2.22907000,1029.69659580,1605428328644,True,True
142,206687025,461.93000000,0.05841000,26.98133130,1605428328777,True,True
143,206687026,461.91000000,0.02399000,11.08122090,1605428331505,True,True
144,206687027,461.92000000,0.66489000,307.12598880,1605428332779,True,True
145,206687028,461.93000000,1.35146000,624.27991780,1605428334507,False,True
146,206687029,461.92000000,0.02439000,11.26622880,1605428339750,True,True
147,206687030,461.94000000,0.04865000,22.47338100,1605428340829,True,True
148,206687031,461.95000000,0.19200000,88.69440000,1605428342628,True,True
149,206687032,461.95000000,0.04330000,20.00243500,1605428342640,True,True
150,206687033,461.95000000,0.03550000,16.39922500,1605428342829,True,True
151,206687034,461.96000000,1.08261000,500.12251560,1605428343414,False,True
152,206687035,461.96000000,5.00000000,2309.80000000,1605428343414,False,True
153,206687036,461.98000000,5.00000000,2309.90000000,1605428343414,False,True
154,206687037,461.98000000,0.03200000,14.78336000,1605428343414,False,True
155,206687038,461.99000000,0.05550000,25.64044500,1605428343414,False,True
156,206687039,461.99000000,1.31291000,606.55129090,1605428343414,False,True
157,206687040,461.99000000,0.05009000,23.14107910,1605428343414,False,True
158,206687041,461.99000000,0.20000000,92.39800000,1605428343414,False,True
159,206687042,462.00000000,10.00000000,4620.00000000,1605428343414,False,True
160,206687043,462.00000000,7.19056000,3322.03872000,1605428343414,False,True
161,206687044,462.00000000,0.02807000,12.96834000,1605428343414,False,True
162,206687045,462.00000000,1.00000000,462.00000000,1605428343414,False,True
163,206687046,462.00000000,0.02404000,11.10648000,1605428343414,False,True
164,206687047,462.00000000,0.09950000,45.96900000,1605428343414,False,True
165,206687048,462.00000000,2.99700000,1384.61400000,1605428343414,False,True
166,206687049,462.00000000,2.47926000,1145.41812000,1605428343414,False,True
167,206687050,462.00000000,0.18322000,84.64764000,1605428343414,False,True
168,206687051,462.00000000,2.28469000,1055.52678000,1605428343414,False,True
169,206687052,462.00000000,0.99900000,461.53800000,1605428343414,False,True
170,206687053,462.00000000,0.36239000,167.42418000,1605428343414,False,True
171,206687054,462.00000000,1.52103000,702.71586000,1605428343414,False,True
172,206687055,462.00000000,2.16493000,1000.19766000,1605428343414,False,True
173,206687056,462.00000000,0.15909000,73.49958000,1605428343414,False,True
174,206687057,462.00000000,1.06405000,491.59110000,1605428343414,False,True
175,206687058,462.00000000,1.00000000,462.00000000,1605428343414,False,True
176,206687059,462.00000000,0.20000000,92.40000000,1605428343414,False,True
177,206687060,462.00000000,2.43129000,1123.25598000,1605428343414,False,True
178,206687061,462.00000000,1.63899000,757.21338000,1605428343414,False,True
179,206687062,462.00000000,0.50588000,233.71656000,1605428343414,False,True
180,206687063,462.00000000,0.10392000,48.01104000,1605428343414,False,True
181,206687064,462.00000000,0.27720000,128.06640000,1605428343414,False,True
182,206687065,462.00000000,0.99000000,457.38000000,1605428343414,False,True
183,206687066,462.00000000,1.08160000,499.69920000,1605428343414,False,True
184,206687067,462.00000000,0.54330000,251.00460000,1605428343414,False,True
185,206687068,462.00000000,0.41000000,189.42000000,1605428343414,False,True
186,206687069,462.00000000,0.24765000,114.41430000,1605428343414,False,True
187,206687070,462.00000000,0.02381000,11.00022000,1605428343414,False,True
188,206687071,462.00000000,0.02381000,11.00022000,1605428343414,False,True
189,206687072,462.00000000,1.00000000,462.00000000,1605428343414,False,True
190,206687073,462.00000000,3.90041000,1801.98942000,1605428343414,False,True
191,206687074,462.00000000,0.29700000,137.21400000,1605428343414,False,True
192,206687075,462.00000000,1.19500000,552.09000000,1605428343414,False,True
193,206687076,462.00000000,8.99100000,4153.84200000,1605428343414,False,True
194,206687077,462.00000000,0.29700000,137.21400000,1605428343414,False,True
195,206687078,462.00000000,0.99000000,457.38000000,1605428343414,False,True
196,206687079,462.00000000,1.05411000,486.99882000,1605428343414,False,True
197,206687080,462.00000000,2.66082000,1229.29884000,1605428343414,False,True
198,206687081,462.00000000,0.42776000,197.62512000,1605428343414,False,True
199,206687082,462.00000000,0.10000000,46.20000000,1605428343414,False,True
200,206687083,462.00000000,0.40467000,186.95754000,1605428343414,False,True
201,206687084,462.00000000,0.47520000,219.54240000,1605428343414,False,True
202,206687085,462.00000000,0.14784000,68.30208000,1605428343414,False,True
203,206687086,462.00000000,7.57576000,3500.00112000,1605428343414,False,True
204,206687087,462.00000000,1.00000000,462.00000000,1605428343414,False,True
205,206687088,462.00000000,36.38468000,16809.72216000,1605428343414,False,True
206,206687089,462.00000000,0.20155000,93.11610000,1605428343414,False,True
207,206687090,462.00000000,0.75818000,350.27916000,1605428343414,False,True
208,206687091,462.00000000,10.04698000,4641.70476000,1605428343414,False,True
209,206687092,462.00000000,0.49234000,227.46108000,1605428343414,False,True
210,206687093,462.00000000,0.19980000,92.30760000,1605428343414,False,True
211,206687094,462.00000000,5.44259000,2514.47658000,1605428343414,False,True
212,206687095,462.00000000,2.00000000,924.00000000,1605428343414,False,True
213,206687096,462.00000000,0.23400000,108.10800000,1605428343414,False,True
214,206687097,462.00000000,3.41067000,1575.72954000,1605428343414,False,True
215,206687098,462.00000000,0.25000000,115.50000000,1605428343414,False,True
216,206687099,462.01000000,2.71799000,1255.73855990,1605428343414,False,True
217,206687100,462.02000000,4.33018000,2000.62976360,1605428343414,False,True
218,206687101,462.03000000,0.66000000,304.93980000,1605428343414,False,True
219,206687102,462.03000000,0.10036000,46.36933080,1605428343414,False,True
220,206687103,462.04000000,0.02500000,11.55100000,1605428343414,False,True
221,206687104,462.04000000,5.00000000,2310.20000000,1605428343414,False,True
222,206687105,462.04000000,0.37014000,171.01948560,1605428343414,False,True
223,206687106,462.05000000,0.02942000,13.59351100,1605428343414,False,True
224,206687107,462.05000000,0.05000000,23.10250000,1605428343414,False,True
225,206687108,462.05000000,4.33018000,2000.75966900,1605428343414,False,True
226,206687109,462.06000000,0.03227000,14.91067620,1605428343414,False,True
227,206687110,462.06000000,0.26687000,123.30995220,1605428343414,False,True
228,206687111,462.06000000,0.06534000,30.19100040,1605428343414,False,True
229,206687112,462.06000000,6.98224000,3226.21381440,1605428343414,False,True
230,206687113,462.07000000,0.11564000,53.43377480,1605428343414,False,True
231,206687114,462.07000000,0.06808000,31.45772560,1605428343414,False,True
232,206687115,462.07000000,0.63806000,294.82838420,1605428343414,False,True
233,206687116,462.08000000,0.05541000,25.60385280,1605428343414,False,True
234,206687117,462.08000000,0.03508000,16.20976640,1605428343414,False,True
235,206687118,462.08000000,6.00000000,2772.48000000,1605428343414,False,True
236,206687119,462.09000000,5.53914000,2559.58120260,1605428343414,False,True
237,206687120,462.10000000,0.12938000,59.78649800,1605428343414,False,True
238,206687121,462.10000000,0.09034000,41.74611400,1605428343414,False,True
239,206687122,462.10000000,0.04575000,21.14107500,1605428343414,False,True
240,206687123,462.10000000,0.10000000,46.21000000,1605428343414,False,True
241,206687124,462.10000000,0.05000000,23.10500000,1605428343414,False,True
242,206687125,462.10000000,0.10000000,46.21000000,1605428343414,False,True
243,206687126,462.10000000,1.20000000,554.52000000,1605428343414,False,True
244,206687127,462.11000000,0.05500000,25.41605000,1605428343414,False,True
245,206687128,462.11000000,6.98159000,3226.26255490,1605428343414,False,True
246,206687129,462.11000000,1.40000000,646.95400000,1605428343414,False,True
247,206687130,462.11000000,2.00000000,924.22000000,1605428343414,False,True
248,206687131,462.11000000,38.99900000,18021.82789000,1605428343414,False,True
249,206687132,462.12000000,0.02464000,11.38663680,1605428343414,False,True
250,206687133,462.12000000,0.03246000,15.00041520,1605428343414,False,True
251,206687134,462.12000000,8.72794000,4033.35563280,1605428343414,False,True
252,206687135,462.12000000,3.70927000,1714.12785240,1605428343414,False,True
253,206687136,462.12000000,4.76242000,2200.80953040,1605428343414,False,True
254,206687137,462.13000000,0.02474000,11.43309620,1605428343414,False,True
255,206687138,462.13000000,0.11913000,55.05354690,1605428343414,False,True
256,206687139,462.13000000,0.02813000,12.99971690,1605428343414,False,True
257,206687140,462.13000000,0.16238000,75.04066940,1605428343414,False,True
258,206687141,462.13000000,8.00000000,3697.04000000,1605428343414,False,True
259,206687142,462.13000000,7.40570000,3422.39614100,1605428343414,False,True
260,206687143,462.13000000,1.12944000,521.94810720,1605428343414,False,True
261,206687144,462.13000000,4.33000000,2001.02290000,1605428343414,False,True
262,206687145,462.13000000,16.93982000,7828.39901660,1605428343414,False,True
263,206687146,462.13000000,1.06581000,492.54277530,1605428343414,False,True
264,206687147,462.13000000,0.16829000,77.77185770,1605428343414,False,True
265,206687148,462.14000000,0.08145000,37.64130300,1605428343414,False,True
266,206687149,462.14000000,0.24000000,110.91360000,1605428343414,False,True
267,206687150,462.14000000,0.03100000,14.32634000,1605428343414,False,True
268,206687151,462.14000000,0.05429000,25.08958060,1605428343414,False,True
269,206687152,462.14000000,2.25856000,1043.77091840,1605428343414,False,True
270,206687153,462.15000000,0.04365000,20.17284750,1605428343414,False,True
271,206687154,462.15000000,1.61816000,747.83264400,1605428343414,False,True
272,206687155,462.16000000,0.13162000,60.82949920,1605428343414,False,True
273,206687156,462.16000000,6.49389000,3001.21620240,1605428343414,False,True
274,206687157,462.16000000,6.00000000,2772.96000000,1605428343414,False,True
275,206687158,462.16000000,1.25050000,577.93108000,1605428343414,False,True
276,206687159,462.16000000,1.74950000,808.54892000,1605428343414,False,True
277,206687160,462.16000000,5.49750000,2540.72460000,1605428343414,False,True
278,206687161,462.03000000,0.02169000,10.02143070,1605428343473,True,True
279,206687162,462.04000000,0.73446000,339.34989840,1605428343613,True,True
280,206687163,462.04000000,0.26554000,122.69010160,1605428343613,True,True
281,206687164,462.04000000,0.17100000,79.00884000,1605428343615,True,True
282,206687165,462.04000000,0.03250000,15.01630000,1605428343671,True,True
283,206687166,462.04000000,0.86812000,401.10616480,1605428343690,True,True
284,206687167,462.04000000,3.66284000,1692.37859360,1605428343729,True,True
285,206687168,462.04000000,1.57816000,729.17304640,1605428343729,True,True
286,206687169,462.04000000,0.08653000,39.98032120,1605428343790,True,True
287,206687170,462.04000000,2.15482000,995.61303280,1605428343906,True,True
288,206687171,462.04000000,1.37787000,636.63105480,1605428343906,True,True
289,206687172,462.04000000,0.08106000,37.45296240,1605428343995,True,True
290,206687173,462.04000000,2.84962000,1316.63842480,1605428344025,True,True
291,206687174,462.04000000,0.35038000,161.88957520,1605428344025,True,True
292,206687175,462.04000000,0.07793000,36.00677720,1605428344109,True,True
293,206687176,462.04000000,0.25471000,117.68620840,1605428344211,True,True
294,206687177,462.04000000,0.12490000,57.70879600,1605428344322,True,True
295,206687178,462.04000000,0.12909000,59.64474360,1605428344442,True,True
296,206687179,462.04000000,0.10292000,47.55315680,1605428344625,True,True
297,206687180,462.05000000,0.21000000,97.03050000,1605428344626,False,True
298,206687181,462.04000000,0.02632000,12.16089280,1605428345072,True,True
299,206687182,462.04000000,3.93893000,1819.94321720,1605428345329,False,True
300,206687183,462.03000000,0.03140000,14.50774200,1605428345344,True,True
301,206687184,462.05000000,0.73446000,339.35724300,1605428345940,False,True
302,206687185,462.06000000,0.34110000,157.60866600,1605428345940,False,True
303,206687186,462.05000000,0.05841000,26.98834050,1605428345992,True,True
304,206687187,462.05000000,0.03888000,17.96450400,1605428347477,False,True
305,206687188,462.05000000,0.36716000,169.64627800,1605428347496,False,True
306,206687189,462.05000000,0.02821000,13.03443050,1605428347506,False,True
307,206687190,462.02000000,0.03260000,15.06185200,1605428347770,True,True
308,206687191,462.02000000,0.02465000,11.38879300,1605428347965,True,True
309,206687192,462.02000000,0.62400000,288.30048000,1605428349074,True,True
310,206687193,462.02000000,0.07349000,33.95384980,1605428349407,True,True
311,206687194,462.02000000,0.10207000,47.15838140,1605428349833,True,True
312,206687195,462.03000000,3.88867000,1796.68220010,1605428350508,False,True
313,206687196,462.06000000,0.82572000,381.53218320,1605428352018,True,True
314,206687197,462.05000000,2.10532000,972.76310600,1605428352094,True,True
315,206687198,462.05000000,5.08770000,2350.77178500,1605428352611,True,True
316,206687199,462.06000000,0.05824000,26.91037440,1605428353390,True,True
317,206687200,462.06000000,0.05130000,23.70367800,1605428353697,True,True
318,206687201,462.06000000,0.24265000,112.11885900,1605428355102,True,True
319,206687202,462.07000000,0.69538000,321.31423660,1605428355366,False,True
320,206687203,462.07000000,0.02537000,11.72271590,1605428356162,True,True
321,206687204,462.07000000,5.70935000,2638.11935450,1605428356212,True,True
322,206687205,462.07000000,1.48371000,685.57787970,1605428356313,True,True
323,206687206,462.08000000,0.05598000,25.86723840,1605428356736,False,True
324,206687207,462.07000000,5.00000000,2310.35000000,1605428358931,True,True
325,206687208,462.08000000,0.07509000,34.69758720,1605428359013,False,True
326,206687209,462.09000000,9.62914000,4449.52930260,1605428359190,True,True
327,206687210,462.08000000,0.26474000,122.33105920,1605428360023,True,True
328,206687211,462.08000000,0.12403000,57.31178240,1605428361455,True,True
329,206687212,462.08000000,0.10192000,47.09519360,1605428363277,True,True
330,206687213,462.08000000,0.07784000,35.96830720,1605428363861,True,True
331,206687214,462.08000000,0.02471000,11.41799680,1605428364379,True,True
332,206687215,462.08000000,0.07930000,36.64294400,1605428365252,True,True
333,206687216,462.09000000,5.00000000,2310.45000000,1605428365779,False,True
334,206687217,462.09000000,1.08796000,502.73543640,1605428365779,False,True
335,206687218,462.09000000,6.34218000,2930.65795620,1605428365779,False,True
336,206687219,462.09000000,6.09271000,2815.38036390,1605428365779,False,True
337,206687220,462.10000000,2.00000000,924.20000000,1605428365779,False,True
338,206687221,462.11000000,1.08226000,500.12316860,1605428365779,False,True
339,206687222,462.12000000,3.41067000,1576.13882040,1605428365779,False,True
340,206687223,462.13000000,4.33008000,2001.05987040,1605428365779,False,True
341,206687224,462.13000000,0.11926000,55.11362380,1605428365779,False,True
342,206687225,462.15000000,6.04175000,2792.19476250,1605428365779,False,True
343,206687226,462.15000000,0.17400000,80.41410000,1605428365912,True,True
344,206687227,462.15000000,7.86000000,3632.49900000,1605428365916,True,True
345,206687228,462.15000000,2.88000000,1330.99200000,1605428365941,True,True
346,206687229,462.15000000,28.27400000,13066.82910000,1605428366119,True,True
347,206687230,462.15000000,0.55800000,257.87970000,1605428366136,True,True
348,206687231,462.15000000,16.35100000,7556.61465000,1605428366241,True,True
349,206687232,462.15000000,0.00069000,0.31888350,1605428366537,True,True
350,206687233,462.11000000,0.74810000,345.70449100,1605428367065,False,True
351,206687234,462.10000000,0.23810000,110.02601000,1605428367805,True,True
352,206687235,462.08000000,0.03882000,17.93794560,1605428368321,True,True
353,206687236,462.08000000,0.06958000,32.15152640,1605428368321,True,True
354,206687237,462.08000000,0.26321000,121.62407680,1605428368631,True,True
355,206687238,462.08000000,0.09156000,42.30804480,1605428369689,True,True
356,206687239,462.09000000,1.75800000,812.35422000,1605428370229,False,True
357,206687240,462.10000000,5.00000000,2310.50000000,1605428370427,True,True
358,206687241,462.10000000,15.24473000,7044.58973300,1605428370427,True,True
359,206687242,462.10000000,15.24474000,7044.59435400,1605428370427,True,True
360,206687243,462.10000000,0.69423000,320.80368300,1605428370427,True,True
361,206687244,462.10000000,59.50000000,27494.95000000,1605428370427,True,True
362,206687245,462.09000000,4.31630000,1994.51906700,1605428370427,True,True
363,206687246,462.08000000,0.02500000,11.55200000,1605428370595,True,True
364,206687247,462.08000000,0.26320000,121.61945600,1605428370626,True,True
365,206687248,462.08000000,0.26320000,121.61945600,1605428371626,True,True
366,206687249,462.08000000,1.55695000,719.43545600,1605428371661,True,True
367,206687250,462.08000000,2.09986000,970.30330880,1605428371661,True,True
368,206687251,462.08000000,0.04102000,18.95452160,1605428371702,True,True
369,206687252,462.08000000,0.85912000,396.98216960,1605428372046,True,True
370,206687253,462.07000000,1.56080000,721.19885600,1605428372046,True,True
371,206687254,462.06000000,19.96273000,9223.97902380,1605428372211,True,True
372,206687255,462.06000000,3.15000000,1455.48900000,1605428372225,True,True
373,206687256,462.06000000,2.74677000,1269.17254620,1605428372228,True,True
374,206687257,462.04000000,0.16500000,76.23660000,1605428372548,True,True
375,206687258,462.02000000,1.08200000,499.90564000,1605428373616,True,True
376,206687259,462.03000000,3.46753000,1602.10288590,1605428373618,False,True
377,206687260,462.02000000,1.08200000,499.90564000,1605428373621,True,True
378,206687261,462.02000000,1.08200000,499.90564000,1605428373622,True,True
379,206687262,462.02000000,1.08200000,499.90564000,1605428373625,True,True
380,206687263,462.02000000,0.88600000,409.34972000,1605428373630,True,True
381,206687264,462.02000000,2.07011000,956.43222220,1605428374173,True,True
382,206687265,462.03000000,0.05311000,24.53841330,1605428375907,False,True
383,206687266,462.02000000,14.42944000,6666.68986880,1605428376099,True,True
384,206687267,462.02000000,0.12638000,58.39008760,1605428376429,True,True
385,206687268,462.02000000,0.70000000,323.41400000,1605428377061,True,True
386,206687269,462.03000000,5.00000000,2310.15000000,1605428377151,False,True
387,206687270,462.03000000,4.94475000,2284.62284250,1605428377151,False,True
388,206687271,462.03000000,4.57826000,2115.29346780,1605428377151,False,True
389,206687272,462.03000000,4.74289000,2191.35746670,1605428377151,False,True
390,206687273,462.03000000,2.35680000,1088.91230400,1605428377151,False,True
391,206687274,462.03000000,3.65730000,1689.78231900,1605428377151,False,True
392,206687275,462.03000000,0.05310000,24.53379300,1605428377908,False,True
393,206687276,462.02000000,0.58000000,267.97160000,1605428378141,True,True
394,206687277,462.02000000,3.65736000,1689.77346720,1605428378360,True,True
395,206687278,462.02000000,3.59008000,1658.68876160,1605428378671,True,True
396,206687279,462.02000000,0.02423000,11.19474460,1605428378837,True,True
397,206687280,462.03000000,0.05310000,24.53379300,1605428378907,False,True
398,206687281,462.03000000,8.65632000,3999.47952960,1605428379286,False,True
399,206687282,462.06000000,0.39611000,183.02658660,1605428380317,True,True
400,206687283,462.06000000,4.33316000,2002.17990960,1605428380852,True,True
401,206687284,462.06000000,0.03587000,16.57409220,1605428381004,True,True
402,206687285,462.06000000,3.41000000,1575.62460000,1605428381234,False,True
403,206687286,462.06000000,0.09231000,42.65275860,1605428381588,True,True
404,206687287,462.07000000,1.08236000,500.12608520,1605428382395,False,True
405,206687288,462.07000000,5.10599000,2359.32479930,1605428382395,False,True
406,206687289,462.07000000,4.99965000,2310.18827550,1605428382395,False,True
407,206687290,462.08000000,0.09900000,45.74592000,1605428382504,False,True
408,206687291,462.04000000,0.04530000,20.93041200,1605428384895,True,True
409,206687292,462.05000000,5.00000000,2310.25000000,1605428385006,False,True
410,206687293,462.05000000,5.00000000,2310.25000000,1605428385006,False,True
411,206687294,462.05000000,7.10988000,3285.12005400,1605428385006,False,True
412,206687295,462.04000000,0.02495000,11.52789800,1605428385029,True,True
413,206687296,462.05000000,0.34143000,157.75773150,1605428385486,False,True
414,206687297,462.04000000,0.18975000,87.67209000,1605428385624,True,True
415,206687298,462.03000000,6.03025000,2786.15640750,1605428385624,True,True
416,206687299,462.04000000,4.38656000,2026.76618240,1605428385848,True,True
417,206687300,462.05000000,0.94892000,438.44848600,1605428385906,False,True
418,206687301,462.04000000,4.90141000,2264.64747640,1605428385922,True,True
419,206687302,462.04000000,5.09859000,2355.75252360,1605428385922,True,True
420,206687303,462.04000000,5.00000000,2310.20000000,1605428385970,False,True
421,206687304,462.05000000,1.00000000,462.05000000,1605428385970,False,True
422,206687305,462.05000000,6.00000000,2772.30000000,1605428385976,False,True
423,206687306,462.07000000,2.14016000,988.90373120,1605428386148,False,True
424,206687307,462.07000000,0.06325000,29.22592750,1605428386825,True,True
425,206687308,462.03000000,5.00000000,2310.15000000,1605428389391,False,True
426,206687309,462.03000000,1.71055000,790.32541650,1605428389391,False,True
427,206687310,462.05000000,4.24783000,1962.70985150,1605428389844,True,True
428,206687311,462.04000000,0.91412000,422.36000480,1605428390437,True,True
429,206687312,462.03000000,0.11500000,53.13345000,1605428390583,False,True
430,206687313,462.02000000,2.37224000,1096.02232480,1605428390751,True,True
431,206687314,462.03000000,0.31902000,147.39681060,1605428391173,False,True
432,206687315,462.05000000,4.39349000,2030.01205450,1605428392169,True,True
433,206687316,462.03000000,0.02597000,11.99891910,1605428393242,True,True
434,206687317,462.03000000,4.97403000,2298.15108090,1605428393585,True,True
435,206687318,462.03000000,2.18142000,1007.88148260,1605428393585,True,True
436,206687319,462.02000000,5.84628000,2701.09828560,1605428393585,True,True
437,206687320,462.02000000,0.66100000,305.39522000,1605428394809,True,True
438,206687321,462.02000000,0.24000000,110.88480000,1605428395038,True,True
439,206687322,462.02000000,0.24000000,110.88480000,1605428395140,True,True
440,206687323,462.02000000,0.11419000,52.75806380,1605428395177,True,True
441,206687324,462.02000000,0.20400000,94.25208000,1605428395539,True,True
442,206687325,462.02000000,0.03600000,16.63272000,1605428395644,True,True
443,206687326,462.02000000,17.70300000,8179.14006000,1605428395959,True,True
444,206687327,462.02000000,0.43400000,200.51668000,1605428396075,True,True
445,206687328,462.02000000,0.00088000,0.40657760,1605428396284,True,True
446,206687329,462.00000000,0.30166000,139.36692000,1605428396284,True,True
447,206687330,462.00000000,0.45657000,210.93534000,1605428396385,True,True
448,206687331,462.00000000,3.68265000,1701.38430000,1605428396385,True,True
449,206687332,462.00000000,0.23023000,106.36626000,1605428396482,True,True
450,206687333,462.00000000,0.10815000,49.96530000,1605428396482,True,True
451,206687334,462.00000000,0.00007000,0.03234000,1605428396805,True,True
452,206687335,462.00000000,1.18846000,549.06852000,1605428396805,True,True
453,206687336,462.00000000,3.81100000,1760.68200000,1605428396914,True,True
454,206687337,462.00000000,0.00054000,0.24948000,1605428397039,True,True
455,206687338,462.00000000,4.99946000,2309.75052000,1605428397039,True,True
456,206687339,462.00000000,0.00054000,0.24948000,1605428397050,True,True
457,206687340,461.97000000,0.79559000,367.53871230,1605428397050,True,True
458,206687341,461.94000000,0.33187000,153.30402780,1605428397050,True,True
459,206687342,461.97000000,5.00000000,2309.85000000,1605428397131,True,True
460,206687343,461.97000000,7.89800000,3648.63906000,1605428397131,True,True
461,206687344,461.99000000,0.43944000,203.01688560,1605428397232,True,True
462,206687345,462.02000000,0.06659000,30.76591180,1605428398350,True,True
463,206687346,462.04000000,2.57328000,1188.95829120,1605428398497,True,True
464,206687347,462.03000000,0.04744000,21.91870320,1605428400316,True,True
465,206687348,461.99000000,0.04276000,19.75469240,1605428401193,True,True
466,206687349,461.99000000,0.02553000,11.79460470,1605428401484,True,True
467,206687350,461.99000000,0.20643000,95.36859570,1605428401522,True,True
468,206687351,461.95000000,0.13973000,64.54827350,1605428401954,True,True
469,206687352,461.95000000,0.00010000,0.04619500,1605428402162,True,True
470,206687353,461.95000000,0.06595000,30.46560250,1605428402162,True,True
471,206687354,461.95000000,0.13983000,64.59446850,1605428402221,True,True
472,206687355,461.96000000,0.21800000,100.70728000,1605428402763,False,True
473,206687356,461.96000000,0.00008000,0.03695680,1605428402857,False,True
474,206687357,461.99000000,2.37791000,1098.57064090,1605428402857,False,True
475,206687358,462.00000000,2.62201000,1211.36862000,1605428402857,False,True
476,206687359,462.02000000,1.00000000,462.02000000,1605428402881,False,True
477,206687360,462.02000000,1.40000000,646.82800000,1605428402898,False,True
478,206687361,462.02000000,1.01067000,466.94975340,1605428402911,False,True
479,206687362,462.03000000,0.24966000,115.35040980,1605428402988,True,True
480,206687363,462.03000000,0.07463000,34.48129890,1605428403115,True,True
481,206687364,462.03000000,0.08786000,40.59395580,1605428403115,True,True
482,206687365,462.03000000,0.97713000,451.46337390,1605428403175,True,True
483,206687366,462.05000000,1.00000000,462.05000000,1605428403322,True,True
484,206687367,462.06000000,1.08238000,500.12450280,1605428403474,False,True
485,206687368,462.06000000,0.20000000,92.41200000,1605428403474,False,True
486,206687369,462.06000000,0.15922000,73.56919320,1605428403522,True,True
487,206687370,462.06000000,0.04863000,22.46997780,1605428403855,True,True
488,206687371,462.07000000,0.09741000,45.01023870,1605428404348,False,True
489,206687372,462.07000000,0.03683000,17.01803810,1605428404348,False,True
490,206687373,462.07000000,0.03933000,18.17321310,1605428405383,False,True
491,206687374,462.06000000,0.15221000,70.33015260,1605428405577,True,True
492,206687375,462.06000000,1.62000000,748.53720000,1605428405852,True,True
493,206687376,462.07000000,0.12384000,57.22274880,1605428406447,False,True
494,206687377,462.07000000,5.00000000,2310.35000000,1605428406447,False,True
495,206687378,462.07000000,3.49883000,1616.70437810,1605428406447,False,True
496,206687379,462.07000000,1.75979000,813.14616530,1605428406447,False,True
497,206687380,462.06000000,0.08396000,38.79455760,1605428406492,True,True
498,206687381,462.06000000,0.04519000,20.88049140,1605428408945,True,True
499,206687382,462.06000000,0.10000000,46.20600000,1605428409204,True,True
