,id,price,qty,quoteQty,time,isBuyerMaker,isBestMatch
0,141801215,181.81000000,5.00593000,910.12813330,1587575123265,False,True
1,141801216,181.81000000,13.81511000,2511.72514910,1587575123850,True,True
2,141801217,181.80000000,6.32979000,1150.75582200,1587575123850,True,True
3,141801218,181.79000000,1.97650000,359.30793500,1587575125352,True,True
4,141801219,181.80000000,13.55305000,2463.94449000,1587575125664,False,True
5,141801220,181.80000000,0.28046000,50.98762800,1587575125664,False,True
6,141801221,181.80000000,32.48928000,5906.55110400,1587575125664,False,True
7,141801222,181.79000000,1.64708000,299.42267320,1587575128056,True,True
8,141801223,181.79000000,3.34000000,607.17860000,1587575128065,True,True
9,141801224,181.79000000,0.00005000,0.00908950,1587575128078,True,True
10,141801225,181.78000000,4.99995000,908.89091100,1587575128078,True,True
11,141801226,181.79000000,2.30200000,418.48058000,1587575128183,False,True
12,141801227,181.79000000,2.62162000,476.58429980,1587575128184,False,True
13,141801228,181.79000000,0.09053000,16.45744870,1587575128184,False,True
14,141801229,181.80000000,10.32172000,1876.48869600,1587575128184,False,True
15,141801230,181.80000000,1.64116000,298.36288800,1587575128184,False,True
16,141801231,181.80000000,31.65098000,5754.14816400,1587575128184,False,True
17,141801232,181.79000000,0.06301000,11.45458790,1587575131962,False,True
18,141801233,181.78000000,2.53370000,460.57598600,1587575134169,True,True
19,141801234,181.78000000,0.12000000,21.81360000,1587575134174,True,True
20,141801235,181.76000000,0.48410000,87.99001600,1587575134184,True,True
21,141801236,181.75000000,3.10000000,563.42500000,1587575134188,True,True
22,141801237,181.73000000,7.83539000,1423.92542470,1587575134199,True,True
23,141801238,181.73000000,2.16461000,393.37457530,1587575134199,True,True
24,141801239,181.73000000,1.65080000,299.99988400,1587575134202,True,True
25,141801240,181.73000000,0.42220000,76.72640600,1587575134216,True,True
26,141801241,181.73000000,6.07509000,1104.02610570,1587575134228,True,True
27,141801242,181.72000000,3.92491000,713.23464520,1587575134228,True,True
28,141801243,181.72000000,3.34920000,608.61662400,1587575134230,True,True
29,141801244,181.71000000,7.00000000,1271.97000000,1587575134395,True,True
30,141801245,181.70000000,0.79554000,144.54961800,1587575134562,True,True
31,141801246,181.70000000,0.40000000,72.68000000,1587575134562,True,True
32,141801247,181.68000000,3.00000000,545.04000000,1587575134562,True,True
33,141801248,181.67000000,2.00200000,363.70334000,1587575134795,True,True
34,141801249,181.67000000,1.65135000,300.00075450,1587575134795,True,True
35,141801250,181.66000000,0.26654000,48.41965640,1587575134795,True,True
36,141801251,181.67000000,0.21972000,39.91653240,1587575134911,True,True
37,141801252,181.67000000,1.10428000,200.61454760,1587575135010,True,True
38,141801253,181.66000000,0.28386000,51.56600760,1587575135010,True,True
39,141801254,181.62000000,3.36497000,611.14585140,1587575135196,True,True
40,141801255,181.62000000,2.39364000,434.73289680,1587575135444,True,True
41,141801256,181.62000000,0.20000000,36.32400000,1587575135444,True,True
42,141801257,181.62000000,0.27512000,49.96729440,1587575135444,True,True
43,141801258,181.61000000,3.12488000,567.50945680,1587575135444,True,True
44,141801259,181.60000000,4.01506000,729.13489600,1587575135444,True,True
45,141801260,181.60000000,0.40000000,72.64000000,1587575135444,True,True
46,141801261,181.60000000,0.21739000,39.47802400,1587575135444,True,True
47,141801262,181.60000000,1.00315000,182.17204000,1587575135444,True,True
48,141801263,181.60000000,6.00000000,1089.60000000,1587575135444,True,True
49,141801264,181.60000000,0.67376000,122.35481600,1587575135444,True,True
50,141801265,181.60000000,5.26511000,956.14397600,1587575135444,True,True
51,141801266,181.60000000,3.55748000,646.03836800,1587575135444,True,True
52,141801267,181.60000000,7.21907000,1310.98311200,1587575135452,True,True
53,141801268,181.60000000,6.00000000,1089.60000000,1587575135452,True,True
54,141801269,181.60000000,1.35099000,245.33978400,1587575135452,True,True
55,141801270,181.60000000,2.01615000,366.13284000,1587575135452,True,True
56,141801271,181.60000000,1.86979000,339.55386400,1587575135452,True,True
57,141801272,181.61000000,0.42000000,76.27620000,1587575135504,True,True
58,141801273,181.61000000,0.65945000,119.76271450,1587575135752,True,True
59,141801274,181.62000000,0.08200000,14.89284000,1587575135821,False,True
60,141801275,181.60000000,0.10000000,18.16000000,1587575135835,True,True
61,141801276,181.60000000,1.00000000,181.60000000,1587575135844,True,True
62,141801277,181.61000000,0.70100000,127.30861000,1587575136020,False,True
63,141801278,181.61000000,0.78300000,142.20063000,1587575136130,False,True
64,141801279,181.61000000,3.02000000,548.46220000,1587575136226,False,True
65,141801280,181.62000000,2.72600000,495.09612000,1587575136533,False,True
66,141801281,181.62000000,5.50797000,1000.35751140,1587575136940,False,True
67,141801282,181.62000000,2.75303000,500.00530860,1587575136940,False,True
68,141801283,181.61000000,6.00000000,1089.66000000,1587575137301,False,True
69,141801284,181.66000000,3.00150000,545.25249000,1587575139014,True,True
70,141801285,181.66000000,3.00150000,545.25249000,1587575139191,True,True
71,141801286,181.66000000,1.08778000,197.60611480,1587575139203,True,True
72,141801287,181.66000000,3.00150000,545.25249000,1587575139454,True,True
73,141801288,181.66000000,3.00150000,545.25249000,1587575139634,True,True
74,141801289,181.66000000,1.55392000,282.28510720,1587575139847,True,True
75,141801290,181.67000000,17.97600000,3265.69992000,1587575140574,False,True
76,141801291,181.67000000,0.02400000,4.36008000,1587575140574,False,True
77,141801292,181.67000000,0.17700000,32.15559000,1587575140601,False,True
78,141801293,181.67000000,0.34075000,61.90405250,1587575140825,True,True
79,141801294,181.67000000,5.81000000,1055.50270000,1587575141711,False,True
80,141801295,181.64000000,0.06131000,11.13634840,1587575142182,True,True
81,141801296,181.64000000,0.07030000,12.76929200,1587575142272,True,True
82,141801297,181.63000000,0.14970000,27.19001100,1587575142272,True,True
83,141801298,181.64000000,0.06601000,11.99005640,1587575142975,True,True
84,141801299,181.63000000,0.96227000,174.77710010,1587575142975,True,True
85,141801300,181.63000000,1.17768000,213.90201840,1587575143115,True,True
86,141801301,181.63000000,1.00000000,181.63000000,1587575143173,True,True
87,141801302,181.64000000,2.99700000,544.37508000,1587575145370,True,True
88,141801303,181.64000000,1.00005000,181.64908200,1587575146508,True,True
89,141801304,181.62000000,0.11012000,19.99999440,1587575148698,True,True
90,141801305,181.61000000,4.00000000,726.44000000,1587575151309,False,True
91,141801306,181.61000000,3.70300000,672.50183000,1587575152039,False,True
92,141801307,181.58000000,0.08261000,15.00032380,1587575153265,True,True
93,141801308,181.58000000,7.00000000,1271.06000000,1587575153265,True,True
94,141801309,181.58000000,0.54518000,98.99378440,1587575153265,True,True
95,141801310,181.56000000,0.14901000,27.05425560,1587575153312,True,True
96,141801311,181.55000000,0.85099000,154.49723450,1587575153312,True,True
97,141801312,181.56000000,1.65150000,299.84634000,1587575153798,False,True
98,141801313,181.57000000,0.18869000,34.26044330,1587575153908,False,True
99,141801314,181.57000000,0.33025000,59.96349250,1587575153928,False,True
100,141801315,181.55000000,2.00000000,363.10000000,1587575153956,True,True
101,141801316,181.57000000,3.29000000,597.36530000,1587575153984,False,True
102,141801317,181.55000000,4.39802000,798.46053100,1587575153992,True,True
103,141801318,181.58000000,7.86300000,1427.76354000,1587575154087,False,True
104,141801319,181.55000000,0.06281000,11.40315550,1587575154392,True,True
105,141801320,181.56000000,0.13311000,24.16745160,1587575154552,False,True
106,141801321,181.56000000,2.12400000,385.63344000,1587575154738,False,True
107,141801322,181.55000000,274.23090000,49786.61989500,1587575155065,True,True
108,141801323,181.55000000,0.00001000,0.00181550,1587575155114,True,True
109,141801324,181.54000000,3.88546000,705.36640840,1587575155185,True,True
110,141801325,181.55000000,2.89229000,525.09524950,1587575155187,False,True
111,141801326,181.56000000,17.58571000,3192.86150760,1587575155187,False,True
112,141801327,181.56000000,1.39800000,253.82088000,1587575155509,False,True
113,141801328,181.56000000,21.40300000,3885.92868000,1587575155606,False,True
114,141801329,181.52000000,1.00000000,181.52000000,1587575155659,True,True
115,141801330,181.53000000,1.50000000,272.29500000,1587575156132,True,True
116,141801331,181.53000000,1.50000000,272.29500000,1587575156136,True,True
117,141801332,181.55000000,8.96700000,1627.95885000,1587575156237,False,True
118,141801333,181.53000000,14.97600000,2718.59328000,1587575156735,True,True
119,141801334,181.53000000,0.13426000,24.37221780,1587575156735,True,True
120,141801335,181.53000000,0.18885000,34.28194050,1587575156735,True,True
121,141801336,181.52000000,4.47000000,811.39440000,1587575156735,True,True
122,141801337,181.52000000,6.00863000,1090.68651760,1587575156735,True,True
123,141801338,181.51000000,8.00000000,1452.08000000,1587575156735,True,True
124,141801339,181.51000000,10.00000000,1815.10000000,1587575156735,True,True
125,141801340,181.51000000,1.23003000,223.26274530,1587575156744,False,True
126,141801341,181.51000000,21.19600000,3847.28596000,1587575156817,False,True
127,141801342,181.51000000,19.17300000,3480.09123000,1587575156917,False,True
128,141801343,181.51000000,18.14100000,3292.77291000,1587575157021,False,True
129,141801344,181.51000000,16.52801000,2999.99909510,1587575157085,False,True
130,141801345,181.51000000,20.21500000,3669.22465000,1587575157126,False,True
131,141801346,181.51000000,1.00000000,181.51000000,1587575157186,False,True
132,141801347,181.51000000,0.96000000,174.24960000,1587575157243,False,True
133,141801348,181.51000000,2.35235000,426.97504850,1587575157371,False,True
134,141801349,181.50000000,1.00000000,181.50000000,1587575157403,True,True
135,141801350,181.50000000,2.65500000,481.88250000,1587575157403,True,True
136,141801351,181.50000000,0.47032000,85.36308000,1587575157403,True,True
137,141801352,181.50000000,16.08000000,2918.52000000,1587575157454,True,True
138,141801353,181.50000000,0.96736000,175.57584000,1587575157458,True,True
139,141801354,181.50000000,10.49594000,1905.01311000,1587575157458,True,True
140,141801355,181.50000000,0.11019000,19.99948500,1587575157458,True,True
141,141801356,181.50000000,0.09524000,17.28606000,1587575157458,True,True
142,141801357,181.50000000,0.40000000,72.60000000,1587575157458,True,True
143,141801358,181.50000000,0.13275000,24.09412500,1587575157458,True,True
144,141801359,181.50000000,1.00000000,181.50000000,1587575157458,True,True
145,141801360,181.50000000,2.87852000,522.45138000,1587575157458,True,True
146,141801361,181.51000000,0.19600000,35.57596000,1587575157459,False,True
147,141801362,181.51000000,0.06067000,11.01221170,1587575157557,False,True
148,141801363,181.51000000,17.93500000,3255.38185000,1587575158190,False,True
149,141801364,181.51000000,18.03400000,3273.35134000,1587575158299,False,True
150,141801365,181.51000000,18.52500000,3362.47275000,1587575158401,False,True
151,141801366,181.50000000,4.39923000,798.46024500,1587575158473,True,True
152,141801367,181.50000000,10.54359000,1913.66158500,1587575158489,True,True
153,141801368,181.50000000,1.00000000,181.50000000,1587575158489,True,True
154,141801369,181.50000000,2.44601000,443.95081500,1587575158489,True,True
155,141801370,181.50000000,0.49586000,89.99859000,1587575158489,True,True
156,141801371,181.50000000,1.02113000,185.33509500,1587575158489,True,True
157,141801372,181.50000000,60.24793000,10934.99929500,1587575158489,True,True
158,141801373,181.50000000,33.16948000,6020.26062000,1587575158489,True,True
159,141801374,181.50000000,8.04245000,1459.70467500,1587575158489,True,True
160,141801375,181.50000000,33.93469000,6159.14623500,1587575158489,True,True
161,141801376,181.50000000,0.34012000,61.73178000,1587575158489,True,True
162,141801377,181.50000000,51.81904000,9405.15576000,1587575158489,True,True
163,141801378,181.51000000,19.75600000,3585.91156000,1587575158504,False,True
164,141801379,181.51000000,22.43282000,4071.78115820,1587575158527,False,True
165,141801380,181.50000000,98.18096000,17819.84424000,1587575158581,True,True
166,141801381,181.50000000,12.02700000,2182.90050000,1587575158612,False,True
167,141801382,181.49000000,0.48278000,87.61974220,1587575158736,False,True
168,141801383,181.51000000,8.50100000,1543.01651000,1587575158928,False,True
169,141801384,181.51000000,20.03500000,3636.55285000,1587575159259,False,True
170,141801385,181.51000000,0.08262000,14.99635620,1587575159477,False,True
171,141801386,181.51000000,21.20000000,3848.01200000,1587575159800,False,True
172,141801387,181.51000000,1.38488000,251.36956880,1587575159910,False,True
173,141801388,181.51000000,2.75512000,500.08183120,1587575159910,False,True
174,141801389,181.50000000,0.67521000,122.55061500,1587575160069,True,True
175,141801390,181.51000000,2.75500000,500.06005000,1587575160120,False,True
176,141801391,181.50000000,4.00000000,726.00000000,1587575160155,True,True
177,141801392,181.50000000,0.29262000,53.11053000,1587575160159,True,True
178,141801393,181.49000000,0.90738000,164.68039620,1587575160159,True,True
179,141801394,181.50000000,3.28900000,596.95350000,1587575160219,False,True
180,141801395,181.50000000,0.00065000,0.11797500,1587575160645,False,True
181,141801396,181.50000000,0.15935000,28.92202500,1587575160645,False,True
182,141801397,181.50000000,0.00060000,0.10890000,1587575161203,False,True
183,141801398,181.50000000,3.99940000,725.89110000,1587575161203,False,True
184,141801399,181.49000000,1.52100000,276.04629000,1587575161272,True,True
185,141801400,181.49000000,0.10000000,18.14900000,1587575161273,True,True
186,141801401,181.48000000,0.50000000,90.74000000,1587575161507,True,True
187,141801402,181.48000000,0.05102000,9.25910960,1587575161513,True,True
188,141801403,181.47000000,0.74898000,135.91740060,1587575161513,True,True
189,141801404,181.48000000,18.27600000,3316.72848000,1587575161635,False,True
190,141801405,181.47000000,3.29979000,598.81289130,1587575161679,True,True
191,141801406,181.48000000,8.67000000,1573.43160000,1587575161733,False,True
192,141801407,181.47000000,0.10000000,18.14700000,1587575161755,True,True
193,141801408,181.47000000,0.11020000,19.99799400,1587575161764,True,True
194,141801409,181.47000000,4.39970000,798.41355900,1587575161784,True,True
195,141801410,181.47000000,1.01844000,184.81630680,1587575161784,True,True
196,141801411,181.47000000,1.90000000,344.79300000,1587575161786,True,True
197,141801412,181.47000000,0.10000000,18.14700000,1587575161803,True,True
198,141801413,181.47000000,0.10000000,18.14700000,1587575161812,True,True
199,141801414,181.47000000,0.10000000,18.14700000,1587575161814,True,True
200,141801415,181.47000000,0.50000000,90.73500000,1587575161909,True,True
201,141801416,181.47000000,0.90000000,163.32300000,1587575161912,True,True
202,141801417,181.45000000,0.05512000,10.00152400,1587575161982,True,True
203,141801418,181.44000000,0.05509000,9.99552960,1587575161982,True,True
204,141801419,181.45000000,18.12700000,3289.14415000,1587575162054,False,True
205,141801420,181.45000000,21.40600000,3884.11870000,1587575162159,False,True
206,141801421,181.45000000,2.11661000,384.05888450,1587575162261,False,True
207,141801422,181.45000000,6.60639000,1198.72946550,1587575162261,False,True
208,141801423,181.45000000,12.54600000,2276.47170000,1587575162368,False,True
209,141801424,181.45000000,2.00551000,363.89978950,1587575162376,False,True
210,141801425,181.44000000,0.40000000,72.57600000,1587575162523,True,True
211,141801426,181.44000000,0.54422000,98.74327680,1587575162533,True,True
212,141801427,181.44000000,0.45578000,82.69672320,1587575162533,True,True
213,141801428,181.44000000,0.54422000,98.74327680,1587575162553,True,True
214,141801429,181.43000000,3.85695000,699.76643850,1587575162553,True,True
215,141801430,181.43000000,1.80700000,327.84401000,1587575162768,True,True
216,141801431,181.45000000,18.08300000,3281.16035000,1587575163001,False,True
217,141801432,181.45000000,0.60300000,109.41435000,1587575163001,False,True
218,141801433,181.43000000,1.50000000,272.14500000,1587575163105,True,True
219,141801434,181.43000000,1.90000000,344.71700000,1587575163109,True,True
220,141801435,181.43000000,4.00000000,725.72000000,1587575163113,True,True
221,141801436,181.44000000,18.19000000,3300.39360000,1587575163114,False,True
222,141801437,181.43000000,0.20105000,36.47650150,1587575163118,True,True
223,141801438,181.41000000,0.79895000,144.93751950,1587575163118,True,True
224,141801439,181.41000000,4.22290000,766.07628900,1587575163118,True,True
225,141801440,181.45000000,0.97200000,176.36940000,1587575163208,False,True
226,141801441,181.41000000,4.00000000,725.64000000,1587575163320,True,True
227,141801442,181.45000000,10.60500000,1924.27725000,1587575163322,False,True
228,141801443,181.41000000,5.24167000,950.89135470,1587575163330,True,True
229,141801444,181.40000000,0.40000000,72.56000000,1587575163330,True,True
230,141801445,181.40000000,0.48661000,88.27105400,1587575163330,True,True
231,141801446,181.40000000,0.11270000,20.44378000,1587575163330,True,True
232,141801447,181.40000000,4.83886000,877.76920400,1587575163330,True,True
233,141801448,181.40000000,0.11025000,19.99935000,1587575163330,True,True
234,141801449,181.40000000,3.05234000,553.69447600,1587575163330,True,True
235,141801450,181.40000000,1.75757000,318.82319800,1587575163330,True,True
236,141801451,181.40000000,0.11939000,21.65734600,1587575163330,True,True
237,141801452,181.43000000,0.49507000,89.82055010,1587575163450,False,True
238,141801453,181.43000000,0.49507000,89.82055010,1587575163552,False,True
239,141801454,181.40000000,4.40141000,798.41577400,1587575163576,True,True
240,141801455,181.43000000,0.49507000,89.82055010,1587575163652,False,True
241,141801456,181.40000000,4.99000000,905.18600000,1587575163792,True,True
242,141801457,181.40000000,1.00000000,181.40000000,1587575163840,True,True
243,141801458,181.42000000,1.62100000,294.08182000,1587575163850,False,True
244,141801459,181.40000000,37.73163000,6844.51768200,1587575163851,True,True
245,141801460,181.40000000,1.65380000,299.99932000,1587575163851,True,True
246,141801461,181.39000000,0.23184000,42.05345760,1587575163851,True,True
247,141801462,181.39000000,0.06122000,11.10469580,1587575163851,True,True
248,141801463,181.39000000,6.82388000,1237.78359320,1587575163851,True,True
249,141801464,181.39000000,12.87643000,2335.65563770,1587575163851,True,True
250,141801465,181.39000000,2.99489000,543.24309710,1587575164039,True,True
251,141801466,181.39000000,21.50000000,3899.88500000,1587575164082,True,True
252,141801467,181.39000000,21.53300000,3905.87087000,1587575164084,True,True
253,141801468,181.39000000,0.36700000,66.57013000,1587575164187,True,True
254,141801469,181.39000000,4.40165000,798.41529350,1587575164249,True,True
255,141801470,181.39000000,19.81942000,3595.04459380,1587575164262,True,True
256,141801471,181.39000000,10.00000000,1813.90000000,1587575164279,True,True
257,141801472,181.42000000,13.39800000,2430.66516000,1587575164391,False,True
258,141801473,181.39000000,0.09720000,17.63110800,1587575164404,True,True
259,141801474,181.39000000,2.65900000,482.31601000,1587575164404,True,True
260,141801475,181.42000000,18.24900000,3310.73358000,1587575164474,False,True
261,141801476,181.39000000,4.34100000,787.41399000,1587575164487,True,True
262,141801477,181.41000000,17.91500000,3249.96015000,1587575164578,False,True
263,141801478,181.38000000,0.06470000,11.73528600,1587575164617,True,True
264,141801479,181.41000000,20.82100000,3777.13761000,1587575164708,False,True
265,141801480,181.41000000,0.11000000,19.95510000,1587575164808,False,True
266,141801481,181.41000000,19.62100000,3559.44561000,1587575164885,False,True
267,141801482,181.38000000,0.60000000,108.82800000,1587575165088,True,True
268,141801483,181.38000000,0.50000000,90.69000000,1587575165092,True,True
269,141801484,181.40000000,17.97600000,3260.84640000,1587575165119,False,True
270,141801485,181.41000000,4.40000000,798.20400000,1587575165219,False,True
271,141801486,181.41000000,14.18800000,2573.84508000,1587575165219,False,True
272,141801487,181.41000000,19.87000000,3604.61670000,1587575165324,False,True
273,141801488,181.38000000,1.05434000,191.23618920,1587575165467,True,True
274,141801489,181.38000000,0.53764000,97.51714320,1587575165492,True,True
275,141801490,181.37000000,0.23015000,41.74230550,1587575165492,True,True
276,141801491,181.36000000,0.24360000,44.17929600,1587575165492,True,True
277,141801492,181.36000000,6.16729000,1118.49971440,1587575165492,True,True
278,141801493,181.36000000,0.83271000,151.02028560,1587575165492,True,True
279,141801494,181.35000000,2.18224000,395.74922400,1587575165492,True,True
280,141801495,181.35000000,0.60986000,110.59811100,1587575165492,True,True
281,141801496,181.35000000,0.32199000,58.39288650,1587575165492,True,True
282,141801497,181.35000000,0.06880000,12.47688000,1587575165492,True,True
283,141801498,181.35000000,0.06083000,11.03152050,1587575165492,True,True
284,141801499,181.34000000,0.99900000,181.15866000,1587575165492,True,True
285,141801500,181.34000000,0.30000000,54.40200000,1587575165667,True,True
286,141801501,181.35000000,4.06761000,737.66107350,1587575165882,False,True
287,141801502,181.35000000,8.36785000,1517.50959750,1587575165957,False,True
288,141801503,181.35000000,7.13215000,1293.41540250,1587575165957,False,True
289,141801504,181.35000000,9.89000000,1793.55150000,1587575166256,False,True
290,141801505,181.35000000,0.00074000,0.13419900,1587575166308,False,True
291,141801506,181.38000000,0.55026000,99.80615880,1587575166308,False,True
292,141801507,181.38000000,0.07000000,12.69660000,1587575166341,False,True
293,141801508,181.34000000,0.48631000,88.18745540,1587575166374,True,True
294,141801509,181.34000000,0.31369000,56.88454460,1587575166374,True,True
295,141801510,181.34000000,1.73631000,314.86245540,1587575166374,True,True
296,141801511,181.34000000,0.38300000,69.45322000,1587575166374,True,True
297,141801512,181.34000000,0.20020000,36.30426800,1587575166374,True,True
298,141801513,181.33000000,0.50000000,90.66500000,1587575166374,True,True
299,141801514,181.33000000,0.11030000,20.00069900,1587575166374,True,True
300,141801515,181.33000000,0.44697000,81.04907010,1587575166374,True,True
301,141801516,181.32000000,0.19747000,35.80526040,1587575166374,True,True
302,141801517,181.32000000,0.06067000,11.00068440,1587575166374,True,True
303,141801518,181.32000000,0.11031000,20.00140920,1587575166374,True,True
304,141801519,181.31000000,0.07095000,12.86394450,1587575166374,True,True
305,141801520,181.31000000,1.10308000,199.99943480,1587575166374,True,True
306,141801521,181.31000000,2.08074000,377.25896940,1587575166374,True,True
307,141801522,181.38000000,17.80000000,3228.56400000,1587575166458,False,True
308,141801523,181.38000000,17.70600000,3211.51428000,1587575166563,False,True
309,141801524,181.38000000,0.13794000,25.01955720,1587575166613,False,True
310,141801525,181.37000000,2.75700000,500.03709000,1587575166679,False,True
311,141801526,181.38000000,5.07600000,920.68488000,1587575166775,False,True
312,141801527,181.34000000,1.41100000,255.87074000,1587575166933,True,True
313,141801528,181.36000000,1.39100000,252.27176000,1587575167097,False,True
314,141801529,181.36000000,4.40000000,797.98400000,1587575167097,False,True
315,141801530,181.34000000,0.14067000,25.50909780,1587575167151,True,True
316,141801531,181.33000000,0.91567000,166.03844110,1587575167151,True,True
317,141801532,181.35000000,4.00000000,725.40000000,1587575167333,False,True
318,141801533,181.36000000,4.40000000,797.98400000,1587575167432,False,True
319,141801534,181.37000000,6.00000000,1088.22000000,1587575167537,False,True
320,141801535,181.37000000,4.40000000,798.02800000,1587575167537,False,True
321,141801536,181.33000000,4.93570000,894.99048100,1587575167637,True,True
322,141801537,181.32000000,0.93022000,168.66749040,1587575167637,True,True
323,141801538,181.37000000,4.40000000,798.02800000,1587575167637,False,True
324,141801539,181.31000000,1.64514000,298.28033340,1587575167676,True,True
325,141801540,181.30000000,0.18641000,33.79613300,1587575167676,True,True
326,141801541,181.30000000,0.36845000,66.79998500,1587575167676,True,True
327,141801542,181.30000000,0.03155000,5.72001500,1587575167676,True,True
328,141801543,181.30000000,0.55157000,99.99964100,1587575167676,True,True
329,141801544,181.30000000,0.07732000,14.01811600,1587575167676,True,True
330,141801545,181.30000000,0.20694000,37.51822200,1587575167676,True,True
331,141801546,181.30000000,0.79306000,143.78177800,1587575167676,True,True
332,141801547,181.30000000,0.68286000,123.80251800,1587575167676,True,True
333,141801548,181.30000000,1.32836000,240.83166800,1587575167680,True,True
334,141801549,181.30000000,0.67164000,121.76833200,1587575167680,True,True
335,141801550,181.37000000,4.40000000,798.02800000,1587575167745,False,True
336,141801551,181.30000000,1.33140000,241.38282000,1587575167823,True,True
337,141801552,181.30000000,0.00755000,1.36881500,1587575167835,True,True
338,141801553,181.30000000,0.06067000,10.99947100,1587575167835,True,True
339,141801554,181.30000000,13.18863000,2391.09861900,1587575167835,True,True
340,141801555,181.30000000,2.86978000,520.29111400,1587575167835,True,True
341,141801556,181.29000000,1.49237000,270.55175730,1587575167835,True,True
342,141801557,181.29000000,7.12295000,1291.31960550,1587575167840,True,True
343,141801558,181.29000000,0.60372000,109.44839880,1587575167840,True,True
344,141801559,181.28000000,0.06236000,11.30462080,1587575167840,True,True
345,141801560,181.28000000,0.25500000,46.22640000,1587575167840,True,True
346,141801561,181.28000000,1.65480000,299.98214400,1587575167840,True,True
347,141801562,181.28000000,0.80789000,146.45429920,1587575167840,True,True
348,141801563,181.28000000,0.95661000,173.41426080,1587575167840,True,True
349,141801564,181.28000000,2.27333000,412.10926240,1587575167840,True,True
350,141801565,181.28000000,7.72667000,1400.69073760,1587575167840,True,True
351,141801566,181.27000000,0.05810000,10.53178700,1587575167840,True,True
352,141801567,181.27000000,4.97000000,900.91190000,1587575167840,True,True
353,141801568,181.27000000,5.03021000,911.82616670,1587575167840,True,True
354,141801569,181.27000000,4.78082000,866.61924140,1587575167840,True,True
355,141801570,181.27000000,0.20000000,36.25400000,1587575167840,True,True
356,141801571,181.27000000,0.95600000,173.29412000,1587575167840,True,True
357,141801572,181.26000000,8.89879000,1612.99467540,1587575167840,True,True
358,141801573,181.26000000,0.61128000,110.80061280,1587575167840,True,True
359,141801574,181.26000000,1.91322000,346.79025720,1587575167840,True,True
360,141801575,181.26000000,0.85491000,154.96098660,1587575167840,True,True
361,141801576,181.26000000,4.88476000,885.41159760,1587575167850,True,True
362,141801577,181.26000000,7.00000000,1268.82000000,1587575167850,True,True
363,141801578,181.25000000,5.49624000,996.19350000,1587575167850,True,True
364,141801579,181.35000000,4.90100000,888.79635000,1587575167851,False,True
365,141801580,181.25000000,0.50376000,91.30650000,1587575167878,True,True
366,141801581,181.25000000,0.13925000,25.23906250,1587575167878,True,True
367,141801582,181.25000000,0.44489000,80.63631250,1587575167878,True,True
368,141801583,181.25000000,0.18388000,33.32825000,1587575167878,True,True
369,141801584,181.25000000,0.33108000,60.00825000,1587575167878,True,True
370,141801585,181.25000000,2.69714000,488.85662500,1587575167878,True,True
371,141801586,181.25000000,3.24173000,587.56356250,1587575167883,True,True
372,141801587,181.25000000,0.75827000,137.43643750,1587575167883,True,True
373,141801588,181.25000000,4.01750000,728.17187500,1587575167890,True,True
374,141801589,181.25000000,1.98250000,359.32812500,1587575167890,True,True
375,141801590,181.25000000,0.77452000,140.38175000,1587575167891,True,True
376,141801591,181.25000000,2.75930000,500.12312500,1587575167891,True,True
377,141801592,181.25000000,0.33108000,60.00825000,1587575167891,True,True
378,141801593,181.25000000,0.13510000,24.48687500,1587575167891,True,True
379,141801594,181.25000000,0.19598000,35.52137500,1587575167895,True,True
380,141801595,181.25000000,0.33108000,60.00825000,1587575167895,True,True
381,141801596,181.25000000,0.33108000,60.00825000,1587575167895,True,True
382,141801597,181.25000000,0.33108000,60.00825000,1587575167895,True,True
383,141801598,181.25000000,0.33108000,60.00825000,1587575167895,True,True
384,141801599,181.25000000,0.33108000,60.00825000,1587575167895,True,True
385,141801600,181.25000000,0.33108000,60.00825000,1587575167895,True,True
386,141801601,181.25000000,0.33108000,60.00825000,1587575167895,True,True
387,141801602,181.24000000,0.55173000,99.99554520,1587575167895,True,True
388,141801603,181.24000000,0.93473000,169.41046520,1587575167895,True,True
389,141801604,181.24000000,1.82252000,330.31352480,1587575167896,True,True
390,141801605,181.24000000,2.31726000,419.98020240,1587575167896,True,True
391,141801606,181.23000000,4.00000000,724.92000000,1587575167896,True,True
392,141801607,181.23000000,0.13780000,24.97349400,1587575167896,True,True
393,141801608,181.23000000,7.72242000,1399.53417660,1587575167896,True,True
394,141801609,181.24000000,4.13886000,750.12698640,1587575167925,True,True
395,141801610,181.23000000,0.27758000,50.30582340,1587575167925,True,True
396,141801611,181.23000000,4.04918000,733.83289140,1587575167925,True,True
397,141801612,181.23000000,8.09517000,1467.08765910,1587575167925,True,True
398,141801613,181.31000000,0.29182000,52.90988420,1587575167953,False,True
399,141801614,181.31000000,19.41000000,3519.22710000,1587575168018,False,True
400,141801615,181.23000000,2.91900000,529.01037000,1587575168074,True,True
401,141801616,181.30000000,3.90600000,708.15780000,1587575168160,False,True
402,141801617,181.30000000,0.00065000,0.11784500,1587575168207,False,True
403,141801618,181.31000000,7.81188000,1416.37196280,1587575168207,False,True
404,141801619,181.29000000,21.01100000,3809.08419000,1587575168268,False,True
405,141801620,181.24000000,3.95136000,716.14448640,1587575168300,True,True
406,141801621,181.23000000,2.99419000,542.63705370,1587575168337,True,True
407,141801622,181.22000000,0.07060000,12.79413200,1587575168337,True,True
408,141801623,181.22000000,0.14499000,26.27508780,1587575168337,True,True
409,141801624,181.22000000,1.29022000,233.81366840,1587575168337,True,True
410,141801625,181.22000000,2.54000000,460.29880000,1587575168344,True,True
411,141801626,181.29000000,4.21200000,763.59348000,1587575168371,False,True
412,141801627,181.22000000,2.70000000,489.29400000,1587575168546,True,True
413,141801628,181.22000000,0.86431000,156.63025820,1587575168551,True,True
414,141801629,181.22000000,1.63569000,296.41974180,1587575168551,True,True
415,141801630,181.23000000,0.38682000,70.10338860,1587575168684,True,True
416,141801631,181.25000000,0.10947000,19.84143750,1587575168735,False,True
417,141801632,181.22000000,4.19842000,760.83767240,1587575168952,True,True
418,141801633,181.23000000,0.17249000,31.26036270,1587575168977,False,True
419,141801634,181.23000000,3.12258000,565.90517340,1587575169028,False,True
420,141801635,181.23000000,7.85942000,1424.36268660,1587575169028,False,True
421,141801636,181.23000000,0.00042000,0.07611660,1587575169159,False,True
422,141801637,181.23000000,3.59110000,650.81505300,1587575169159,False,True
423,141801638,181.22000000,0.82269000,149.08788180,1587575169181,True,True
424,141801639,181.21000000,0.30000000,54.36300000,1587575169181,True,True
425,141801640,181.21000000,0.13781000,24.97255010,1587575169181,True,True
426,141801641,181.21000000,2.51087000,454.99475270,1587575169181,True,True
427,141801642,181.21000000,1.86127000,337.28073670,1587575169181,True,True
428,141801643,181.20000000,1.10899000,200.94898800,1587575169181,True,True
429,141801644,181.20000000,0.39921000,72.33685200,1587575169181,True,True
430,141801645,181.20000000,0.00079000,0.14314800,1587575169181,True,True
431,141801646,181.20000000,0.08311000,15.05953200,1587575169181,True,True
432,141801647,181.20000000,0.40987000,74.26844400,1587575169181,True,True
433,141801648,181.20000000,0.40702000,73.75202400,1587575169181,True,True
434,141801649,181.20000000,0.07241000,13.12069200,1587575169181,True,True
435,141801650,181.20000000,0.17765000,32.19018000,1587575169181,True,True
436,141801651,181.20000000,0.87784000,159.06460800,1587575169181,True,True
437,141801652,181.20000000,14.66826000,2657.88871200,1587575169181,True,True
438,141801653,181.20000000,5.93887000,1076.12324400,1587575169181,True,True
439,141801654,181.20000000,4.78107000,866.32988400,1587575169181,True,True
440,141801655,181.18000000,0.64192000,116.30306560,1587575169181,True,True
441,141801656,181.18000000,0.43168000,78.21178240,1587575169181,True,True
442,141801657,181.18000000,4.51627000,818.25779860,1587575169181,True,True
443,141801658,181.22000000,20.47500000,3710.47950000,1587575169231,False,True
444,141801659,181.22000000,21.21600000,3844.76352000,1587575169334,False,True
445,141801660,181.22000000,2.43089000,440.52588580,1587575169440,False,True
446,141801661,181.22000000,0.82211000,148.98277420,1587575169440,False,True
447,141801662,181.19000000,1.70000000,308.02300000,1587575169548,True,True
448,141801663,181.19000000,3.23965000,586.99218350,1587575169551,True,True
449,141801664,181.18000000,6.48373000,1174.72220140,1587575169551,True,True
450,141801665,181.18000000,0.38636000,70.00070480,1587575169551,True,True
451,141801666,181.17000000,0.32015000,58.00157550,1587575169551,True,True
452,141801667,181.17000000,1.50000000,271.75500000,1587575169551,True,True
453,141801668,181.16000000,0.08694000,15.75005040,1587575169551,True,True
454,141801669,181.16000000,0.95661000,173.29946760,1587575169551,True,True
455,141801670,181.15000000,0.14284000,25.87546600,1587575169551,True,True
456,141801671,181.15000000,3.18502000,576.96637300,1587575169551,True,True
457,141801672,181.15000000,2.76017000,500.00479550,1587575169551,True,True
458,141801673,181.15000000,6.00000000,1086.90000000,1587575169551,True,True
459,141801674,181.15000000,5.62149000,1018.33291350,1587575169551,True,True
460,141801675,181.14000000,0.20020000,36.26422800,1587575169551,True,True
461,141801676,181.14000000,0.22035000,39.91419900,1587575169551,True,True
462,141801677,181.14000000,4.89649000,886.95019860,1587575169551,True,True
463,141801678,181.14000000,0.57513000,104.17904820,1587575169551,True,True
464,141801679,181.14000000,4.03200000,730.35648000,1587575169554,True,True
465,141801680,181.15000000,2.02863000,367.48632450,1587575169563,False,True
466,141801681,181.21000000,17.81237000,3227.77956770,1587575169563,False,True
467,141801682,181.16000000,0.42000000,76.08720000,1587575169592,True,True
468,141801683,181.17000000,14.55000000,2636.02350000,1587575169597,False,True
469,141801684,181.16000000,1.50000000,271.74000000,1587575169600,True,True
470,141801685,181.16000000,0.10863000,19.67941080,1587575169606,True,True
471,141801686,181.15000000,0.89137000,161.47167550,1587575169606,True,True
472,141801687,181.19000000,20.70900000,3752.26371000,1587575169661,False,True
473,141801688,181.16000000,0.11038000,19.99644080,1587575169681,True,True
474,141801689,181.16000000,1.65262000,299.38863920,1587575169687,True,True
475,141801690,181.19000000,2.88052000,521.92141880,1587575169705,False,True
476,141801691,181.19000000,19.20600000,3479.93514000,1587575169760,False,True
477,141801692,181.18000000,1.01233000,183.41394940,1587575169771,True,True
478,141801693,181.18000000,3.92786000,711.64967480,1587575169824,True,True
479,141801694,181.17000000,0.07214000,13.06960380,1587575169824,True,True
480,141801695,181.17000000,0.88443000,160.23218310,1587575169829,True,True
481,141801696,181.16000000,1.11557000,202.09666120,1587575169829,True,True
482,141801697,181.16000000,0.89837000,162.74870920,1587575169831,True,True
483,141801698,181.15000000,15.10163000,2735.66027450,1587575169831,True,True
484,141801699,181.19000000,0.00078000,0.14132820,1587575169890,False,True
485,141801700,181.19000000,0.99922000,181.04867180,1587575169908,True,True
486,141801701,181.16000000,4.94047000,895.01554520,1587575169908,True,True
487,141801702,181.15000000,7.41131000,1342.55880650,1587575169908,True,True
488,141801703,181.14000000,5.09638000,923.15827320,1587575169926,True,True
489,141801704,181.14000000,0.54000000,97.81560000,1587575169926,True,True
490,141801705,181.14000000,4.78287000,866.36907180,1587575169926,True,True
491,141801706,181.13000000,0.10000000,18.11300000,1587575169926,True,True
492,141801707,181.13000000,0.18000000,32.60340000,1587575169926,True,True
493,141801708,181.13000000,1.38069000,250.08437970,1587575169926,True,True
494,141801709,181.13000000,6.97985000,1264.26023050,1587575169926,True,True
495,141801710,181.12000000,12.40000000,2245.88800000,1587575169926,True,True
496,141801711,181.12000000,1.65636000,299.99992320,1587575169926,True,True
497,141801712,181.12000000,0.23185000,41.99267200,1587575169926,True,True
498,141801713,181.18000000,14.55000000,2636.16900000,1587575169967,False,True
499,141801714,181.19000000,0.83200000,150.75008000,1587575169967,False,True
