,id,price,qty,quoteQty,time,isBuyerMaker,isBestMatch
0,206680373,460.50000000,43.51527000,20038.78183500,1605424742748,False,True
1,206680374,460.49000000,0.73364000,337.83388360,1605424742754,True,True
2,206680375,460.49000000,2.56136000,1179.48066640,1605424742754,True,True
3,206680376,460.52000000,0.30100000,138.61652000,1605424743355,False,True
4,206680377,460.54000000,6.00000000,2763.24000000,1605424744324,True,True
5,206680378,460.53000000,0.48000000,221.05440000,1605424744395,False,True
6,206680379,460.48000000,1.00000000,460.48000000,1605424744664,True,True
7,206680380,460.49000000,0.05500000,25.32695000,1605424745026,False,True
8,206680381,460.49000000,0.00020000,0.09209800,1605424745339,False,True
9,206680382,460.49000000,5.06280000,2331.36877200,1605424745339,False,True
10,206680383,460.48000000,0.03365000,15.49515200,1605424745360,True,True
11,206680384,460.49000000,0.73405000,338.02268450,1605424748695,False,True
12,206680385,460.49000000,0.92015000,423.71987350,1605424748695,False,True
13,206680386,460.49000000,0.02563000,11.80235870,1605424748918,True,True
14,206680387,460.50000000,1.03250000,475.46625000,1605424749229,False,True
15,206680388,460.46000000,0.21070000,97.01892200,1605424749656,True,True
16,206680389,460.45000000,2.18930000,1008.06318500,1605424749656,True,True
17,206680390,460.45000000,2.00000000,920.90000000,1605424749661,True,True
18,206680391,460.45000000,2.40000000,1105.08000000,1605424749662,True,True
19,206680392,460.43000000,0.35329000,162.66531470,1605424749875,False,True
20,206680393,460.43000000,0.06900000,31.76967000,1605424750046,False,True
21,206680394,460.43000000,0.24000000,110.50320000,1605424750141,False,True
22,206680395,460.42000000,0.02467000,11.35856140,1605424750751,True,True
23,206680396,460.42000000,0.20000000,92.08400000,1605424750751,True,True
24,206680397,460.42000000,3.77533000,1738.23743860,1605424750751,True,True
25,206680398,460.42000000,3.20000000,1473.34400000,1605424750752,True,True
26,206680399,460.43000000,0.36616000,168.59104880,1605424750804,False,True
27,206680400,460.43000000,2.63300000,1212.31219000,1605424750980,False,True
28,206680401,460.47000000,0.18576000,85.53690720,1605424751596,False,True
29,206680402,460.47000000,3.27124000,1506.30788280,1605424751596,False,True
30,206680403,460.47000000,0.00049000,0.22563030,1605424751606,False,True
31,206680404,460.50000000,0.21631000,99.61075500,1605424751606,False,True
32,206680405,460.45000000,0.02451000,11.28562950,1605424757113,True,True
33,206680406,460.46000000,0.17680000,81.40932800,1605424764199,False,True
34,206680407,460.46000000,0.82320000,379.05067200,1605424764199,False,True
35,206680408,460.47000000,0.15267000,70.29995490,1605424764663,False,True
36,206680409,460.48000000,0.06413000,29.53058240,1605424764663,False,True
37,206680410,460.46000000,0.02472000,11.38257120,1605424765326,True,True
38,206680411,460.46000000,0.09737000,44.83499020,1605424768194,True,True
39,206680412,460.46000000,0.03665000,16.87585900,1605424769858,True,True
40,206680413,460.45000000,0.03665000,16.87549250,1605424771858,True,True
41,206680414,460.45000000,5.00000000,2302.25000000,1605424771977,False,True
42,206680415,460.46000000,0.02485000,11.44243100,1605424772630,False,True
43,206680416,460.45000000,0.03665000,16.87549250,1605424772858,True,True
44,206680417,460.45000000,0.02506000,11.53887700,1605424773524,True,True
45,206680418,460.46000000,0.66800000,307.58728000,1605424775181,False,True
46,206680419,460.46000000,0.00089000,0.40980940,1605424775604,False,True
47,206680420,460.46000000,0.47911000,220.61099060,1605424775604,False,True
48,206680421,460.48000000,1.13900000,524.48672000,1605424776895,False,True
49,206680422,460.41000000,1.03250000,475.37332500,1605424778417,False,True
50,206680423,460.41000000,0.16646000,76.63984860,1605424778884,True,True
51,206680424,460.43000000,13.64642000,6283.22116060,1605424779411,True,True
52,206680425,460.43000000,17.24300000,7939.19449000,1605424779526,False,True
53,206680426,460.41000000,0.79093000,364.15208130,1605424779593,True,True
54,206680427,460.41000000,1.21368000,558.79040880,1605424779648,True,True
55,206680428,460.41000000,0.02415000,11.11890150,1605424779745,True,True
56,206680429,460.41000000,0.54634000,251.54039940,1605424779774,True,True
57,206680430,460.40000000,0.08500000,39.13400000,1605424780035,True,True
58,206680431,460.39000000,0.02944000,13.55388160,1605424780051,True,True
59,206680432,460.39000000,0.02319000,10.67644410,1605424780051,True,True
60,206680433,460.39000000,0.26477000,121.89746030,1605424780051,True,True
61,206680434,460.39000000,0.00002000,0.00920780,1605424780053,True,True
62,206680435,460.35000000,0.28400000,130.73940000,1605424780174,False,True
63,206680436,460.35000000,2.42640000,1116.99324000,1605424780276,False,True
64,206680437,460.35000000,3.70460000,1705.41261000,1605424780276,False,True
65,206680438,460.35000000,6.29540000,2898.08739000,1605424780484,False,True
66,206680439,460.35000000,0.26460000,121.80861000,1605424780484,False,True
67,206680440,460.35000000,0.03340000,15.37569000,1605424780639,False,True
68,206680441,460.35000000,0.17400000,80.10090000,1605424780705,False,True
69,206680442,460.34000000,0.02223000,10.23335820,1605424780727,True,True
70,206680443,460.34000000,0.97777000,450.10664180,1605424780727,True,True
71,206680444,460.34000000,10.00000000,4603.40000000,1605424781032,False,True
72,206680445,460.34000000,18.90770000,8703.97061800,1605424781032,False,True
73,206680446,460.33000000,0.11582000,53.31542060,1605424781443,True,True
74,206680447,460.33000000,0.02904000,13.36798320,1605424781443,True,True
75,206680448,460.31000000,1.15698000,532.56946380,1605424783568,False,True
76,206680449,460.38000000,0.28482000,131.12543160,1605424783935,True,True
77,206680450,460.34000000,0.02629000,12.10233860,1605424786006,True,True
78,206680451,460.35000000,0.06900000,31.76415000,1605424788236,False,True
79,206680452,460.36000000,2.83022000,1302.92007920,1605424788878,True,True
80,206680453,460.43000000,0.25300000,116.48879000,1605424789501,True,True
81,206680454,460.43000000,0.36692000,168.94097560,1605424789624,True,True
82,206680455,460.43000000,0.17284000,79.58072120,1605424789723,True,True
83,206680456,460.43000000,0.31910000,146.92321300,1605424789829,True,True
84,206680457,460.44000000,0.24000000,110.50560000,1605424790323,False,True
85,206680458,460.43000000,0.04930000,22.69919900,1605424791511,False,True
86,206680459,460.35000000,9.16700000,4220.02845000,1605424793016,False,True
87,206680460,460.36000000,0.02440000,11.23278400,1605424794194,True,True
88,206680461,460.41000000,0.15000000,69.06150000,1605424794466,False,True
89,206680462,460.38000000,0.04280000,19.70426400,1605424794737,False,True
90,206680463,460.34000000,0.05159000,23.74894060,1605424795851,True,True
91,206680464,460.37000000,17.79600000,8192.74452000,1605424796781,False,True
92,206680465,460.37000000,0.81286000,374.21635820,1605424797238,True,True
93,206680466,460.37000000,9.99232000,4600.16435840,1605424797238,True,True
94,206680467,460.37000000,0.49721000,228.90056770,1605424797475,False,True
95,206680468,460.36000000,0.54000000,248.59440000,1605424798034,True,True
96,206680469,460.33000000,9.02000000,4152.17660000,1605424799096,False,True
97,206680470,460.35000000,1.84106000,847.53197100,1605424799854,True,True
98,206680471,460.35000000,0.59606000,274.39622100,1605424800308,False,True
99,206680472,460.34000000,1.04068000,479.06663120,1605424800452,True,True
100,206680473,460.34000000,0.11286000,51.95397240,1605424800737,False,True
101,206680474,460.34000000,0.84797000,390.35450980,1605424802068,True,True
102,206680475,460.35000000,0.02600000,11.96910000,1605424802455,True,True
103,206680476,460.36000000,0.02617000,12.04762120,1605424802808,False,True
104,206680477,460.34000000,0.32152000,148.00851680,1605424804076,True,True
105,206680478,460.36000000,1.28039000,589.44034040,1605424804382,False,True
106,206680479,460.36000000,1.24861000,574.81009960,1605424804382,False,True
107,206680480,460.37000000,1.87986000,865.43114820,1605424804633,False,True
108,206680481,460.39000000,0.17304000,79.66588560,1605424804639,False,True
109,206680482,460.43000000,2.71799000,1251.44413570,1605424804644,False,True
110,206680483,460.44000000,0.30637000,141.06500280,1605424804644,False,True
111,206680484,460.45000000,0.32476000,149.53574200,1605424804650,False,True
112,206680485,460.45000000,1.47164000,677.61663800,1605424804650,False,True
113,206680486,460.45000000,1.60000000,736.72000000,1605424804650,False,True
114,206680487,460.47000000,3.07510000,1415.99129700,1605424804704,False,True
115,206680488,460.49000000,1.08640000,500.27633600,1605424804737,False,True
116,206680489,460.49000000,0.00003000,0.01381470,1605424804737,False,True
117,206680490,460.50000000,3.14997000,1450.56118500,1605424804737,False,True
118,206680491,460.50000000,3.15000000,1450.57500000,1605424804740,False,True
119,206680492,460.50000000,0.61360000,282.56280000,1605424804748,False,True
120,206680493,460.53000000,0.10448000,48.11617440,1605424805133,True,True
121,206680494,460.51000000,2.09127000,963.05074770,1605424805349,True,True
122,206680495,460.50000000,1.36808000,630.00084000,1605424805349,True,True
123,206680496,460.53000000,0.21811000,100.44619830,1605424805370,False,True
124,206680497,460.52000000,0.02289000,10.54130280,1605424805735,True,True
125,206680498,460.53000000,0.25067000,115.44105510,1605424805781,False,True
126,206680499,460.52000000,0.09375000,43.17375000,1605424805830,True,True
127,206680500,460.53000000,0.40201000,185.13766530,1605424806957,False,True
128,206680501,460.53000000,1.39799000,643.81633470,1605424806957,False,True
129,206680502,460.48000000,0.37542000,172.87340160,1605424808349,True,True
130,206680503,460.49000000,2.56800000,1182.53832000,1605424808718,False,True
131,206680504,460.49000000,0.03683000,16.95984670,1605424809095,False,True
132,206680505,460.49000000,2.15970000,994.52025300,1605424809145,False,True
133,206680506,460.52000000,0.02482000,11.43010640,1605424810611,True,True
134,206680507,460.53000000,0.12704000,58.50573120,1605424818259,True,True
135,206680508,460.53000000,0.86739000,399.45911670,1605424818359,True,True
136,206680509,460.53000000,0.02532000,11.66061960,1605424818839,True,True
137,206680510,460.54000000,2.66792000,1228.68387680,1605424821567,False,True
138,206680511,460.54000000,5.43042000,2500.92562680,1605424821567,False,True
139,206680512,460.55000000,0.02724000,12.54538200,1605424823210,False,True
140,206680513,460.55000000,0.04276000,19.69311800,1605424823210,False,True
141,206680514,460.54000000,0.12590000,57.98198600,1605424825842,True,True
142,206680515,460.54000000,0.11402000,52.51077080,1605424826841,True,True
143,206680516,460.54000000,0.02607000,12.00627780,1605424827064,True,True
144,206680517,460.55000000,0.28200000,129.87510000,1605424827806,False,True
145,206680518,460.55000000,0.21521000,99.11496550,1605424827806,False,True
146,206680519,460.55000000,6.00000000,2763.30000000,1605424828329,False,True
147,206680520,460.55000000,6.00000000,2763.30000000,1605424828336,False,True
148,206680521,460.57000000,18.87995000,8695.53857150,1605424828369,False,True
149,206680522,460.57000000,0.43376000,199.77684320,1605424828369,False,True
150,206680523,460.57000000,0.00001000,0.00460570,1605424829263,False,True
151,206680524,460.57000000,0.27841000,128.22729370,1605424829263,False,True
152,206680525,460.57000000,5.00000000,2302.85000000,1605424832726,True,True
153,206680526,460.57000000,5.00000000,2302.85000000,1605424832726,True,True
154,206680527,460.57000000,2.81763000,1297.71584910,1605424832726,True,True
155,206680528,460.57000000,5.15388000,2373.72251160,1605424832726,True,True
156,206680529,460.54000000,0.33049000,152.20386460,1605424832726,True,True
157,206680530,460.56000000,1.12584000,518.51687040,1605424832744,True,True
158,206680531,460.56000000,1.12584000,518.51687040,1605424832754,True,True
159,206680532,460.56000000,1.03178000,475.19659680,1605424832760,True,True
160,206680533,460.56000000,0.06270000,28.87711200,1605424832815,True,True
161,206680534,460.54000000,0.09133000,42.06111820,1605424834628,True,True
162,206680535,460.54000000,0.02574000,11.85429960,1605424835229,True,True
163,206680536,460.54000000,1.55994000,718.41476760,1605424836065,True,True
164,206680537,460.54000000,0.00001000,0.00460540,1605424836565,True,True
165,206680538,460.54000000,1.31399000,605.14495460,1605424836565,True,True
166,206680539,460.54000000,0.06900000,31.77726000,1605424836680,True,True
167,206680540,460.52000000,0.11730000,54.01899600,1605424836980,True,True
168,206680541,460.50000000,10.00000000,4605.00000000,1605424836980,True,True
169,206680542,460.50000000,0.12439000,57.28159500,1605424836980,True,True
170,206680543,460.50000000,3.41067000,1570.61353500,1605424836980,True,True
171,206680544,460.49000000,0.10857000,49.99539930,1605424836980,True,True
172,206680545,460.48000000,0.24500000,112.81760000,1605424836980,True,True
173,206680546,460.42000000,2.03907000,938.82860940,1605424836980,True,True
174,206680547,460.42000000,1.63566000,753.09057720,1605424836980,True,True
175,206680548,460.47000000,3.86000000,1777.41420000,1605424837067,True,True
176,206680549,460.47000000,0.23000000,105.90810000,1605424837073,True,True
177,206680550,460.47000000,2.54000000,1169.59380000,1605424837073,True,True
178,206680551,460.48000000,0.44112000,203.12693760,1605424837097,False,True
179,206680552,460.47000000,0.43000000,198.00210000,1605424837102,True,True
180,206680553,460.47000000,8.94000000,4116.60180000,1605424837103,True,True
181,206680554,460.45000000,0.17400000,80.11830000,1605424837188,False,True
182,206680555,460.43000000,0.73446000,338.16741780,1605424837359,True,True
183,206680556,460.41000000,0.26554000,122.25727140,1605424837359,True,True
184,206680557,460.43000000,4.95800000,2282.81194000,1605424837503,False,True
185,206680558,460.43000000,0.00065000,0.29927950,1605424837518,False,True
186,206680559,460.48000000,1.59885000,736.23844800,1605424837629,True,True
187,206680560,460.51000000,0.48000000,221.04480000,1605424837834,True,True
188,206680561,460.51000000,0.02521000,11.60945710,1605424838663,True,True
189,206680562,460.47000000,0.22080000,101.67177600,1605424840644,False,True
190,206680563,460.47000000,5.77920000,2661.14822400,1605424840644,False,True
191,206680564,460.48000000,0.02567000,11.82052160,1605424841493,True,True
192,206680565,460.44000000,0.47200000,217.32768000,1605424842282,True,True
193,206680566,460.47000000,0.52800000,243.12816000,1605424843592,True,True
194,206680567,460.47000000,3.00000000,1381.41000000,1605424843850,False,True
195,206680568,460.48000000,1.44692000,666.27772160,1605424846810,True,True
196,206680569,460.44000000,0.21382000,98.45128080,1605424846832,True,True
197,206680570,460.42000000,2.71800000,1251.42156000,1605424846841,True,True
198,206680571,460.42000000,0.69267000,318.91912140,1605424846843,True,True
199,206680572,460.40000000,1.67773000,772.42689200,1605424846843,True,True
200,206680573,460.44000000,8.00000000,3683.52000000,1605424846853,True,True
201,206680574,460.36000000,8.00000000,3682.88000000,1605424846882,True,True
202,206680575,460.36000000,2.71799000,1251.25387640,1605424846882,True,True
203,206680576,460.35000000,1.28201000,590.17330350,1605424846882,True,True
204,206680577,460.34000000,0.54091000,249.00250940,1605424847096,False,True
205,206680578,460.34000000,0.04330000,19.93272200,1605424848087,False,True
206,206680579,460.42000000,0.04330000,19.93618600,1605424849477,False,True
207,206680580,460.43000000,0.02532000,11.65808760,1605424849701,True,True
208,206680581,460.43000000,0.14900000,68.60407000,1605424849935,True,True
209,206680582,460.43000000,1.15217000,530.49363310,1605424850413,True,True
210,206680583,460.43000000,3.18679000,1467.29371970,1605424850413,True,True
211,206680584,460.43000000,1.67491000,771.17881130,1605424850414,True,True
212,206680585,460.39000000,0.12012000,55.30204680,1605424850414,True,True
213,206680586,460.39000000,1.45933000,671.86093870,1605424850414,True,True
214,206680587,460.39000000,1.95134000,898.37742260,1605424850414,True,True
215,206680588,460.38000000,2.38781000,1099.29996780,1605424850414,True,True
216,206680589,460.38000000,4.33915000,1997.65787700,1605424850415,True,True
217,206680590,460.39000000,0.84600000,389.48994000,1605424850558,False,True
218,206680591,460.38000000,2.21350000,1019.05113000,1605424853119,False,True
219,206680592,460.38000000,4.99950000,2301.66981000,1605424853119,False,True
220,206680593,460.40000000,0.15000000,69.06000000,1605424854797,False,True
221,206680594,460.44000000,0.13335000,61.39967400,1605424855446,True,True
222,206680595,460.39000000,0.13335000,61.39300650,1605424855458,True,True
223,206680596,460.43000000,1.70300000,784.11229000,1605424856567,False,True
224,206680597,460.38000000,0.23530000,108.32741400,1605424856809,True,True
225,206680598,460.38000000,0.00002000,0.00920760,1605424856822,True,True
226,206680599,460.31000000,0.06900000,31.76139000,1605424856923,False,True
227,206680600,460.31000000,0.24100000,110.93471000,1605424857018,False,True
228,206680601,460.30000000,0.03724000,17.14157200,1605424857054,True,True
229,206680602,460.30000000,0.03300000,15.18990000,1605424857054,True,True
230,206680603,460.30000000,1.40450000,646.49135000,1605424857054,True,True
231,206680604,460.30000000,4.29530000,1977.12659000,1605424857054,True,True
232,206680605,460.30000000,2.53046000,1164.77073800,1605424857054,True,True
233,206680606,460.30000000,1.20000000,552.36000000,1605424857067,True,True
234,206680607,460.30000000,1.32824000,611.38887200,1605424857082,True,True
235,206680608,460.29000000,0.02320000,10.67872800,1605424857082,True,True
236,206680609,460.26000000,0.44209000,203.47634340,1605424857082,True,True
237,206680610,460.26000000,0.10000000,46.02600000,1605424857082,True,True
238,206680611,460.25000000,3.41067000,1569.76086750,1605424857082,True,True
239,206680612,460.23000000,0.02468000,11.35847640,1605424857082,True,True
240,206680613,460.23000000,0.02805000,12.90945150,1605424857082,True,True
241,206680614,460.22000000,0.04307000,19.82167540,1605424857082,True,True
242,206680615,460.28000000,0.37900000,174.44612000,1605424857143,False,True
243,206680616,460.27000000,1.65480000,761.65479600,1605424857279,False,True
244,206680617,460.26000000,0.20564000,94.64786640,1605424857279,True,True
245,206680618,460.26000000,0.02603000,11.98056780,1605424857893,True,True
246,206680619,460.29000000,2.71799000,1251.06361710,1605424858176,False,True
247,206680620,460.29000000,1.41744000,652.43345760,1605424858176,False,True
248,206680621,460.30000000,0.10700000,49.25210000,1605424858176,False,True
249,206680622,460.30000000,0.95057000,437.54737100,1605424858176,False,True
250,206680623,460.30000000,2.16800000,997.93040000,1605424858477,False,True
251,206680624,460.30000000,1.44500000,665.13350000,1605424858580,False,True
252,206680625,460.26000000,0.67900000,312.51654000,1605424859211,False,True
253,206680626,460.27000000,1.00000000,460.27000000,1605424860621,True,True
254,206680627,460.27000000,0.58000000,266.95660000,1605424860793,False,True
255,206680628,460.28000000,1.15100000,529.78228000,1605424860823,False,True
256,206680629,460.28000000,0.04330000,19.93012400,1605424861416,False,True
257,206680630,460.32000000,0.04330000,19.93185600,1605424861611,False,True
258,206680631,460.31000000,0.31496000,144.97923760,1605424861653,True,True
259,206680632,460.36000000,0.04403000,20.26965080,1605424864161,True,True
260,206680633,460.36000000,0.05210000,23.98475600,1605424864273,True,True
261,206680634,460.36000000,0.40700000,187.36652000,1605424865020,True,True
262,206680635,460.37000000,7.95236000,3661.02797320,1605424865227,False,True
263,206680636,460.36000000,1.45105000,668.00537800,1605424865273,True,True
264,206680637,460.37000000,21.71647000,9997.61129390,1605424865600,False,True
265,206680638,460.40000000,0.28300000,130.29320000,1605424865965,True,True
266,206680639,460.40000000,1.42500000,656.07000000,1605424866077,True,True
267,206680640,460.40000000,0.02455000,11.30282000,1605424866101,True,True
268,206680641,460.40000000,0.65120000,299.81248000,1605424866184,True,True
269,206680642,460.40000000,0.64954000,299.04821600,1605424866297,True,True
270,206680643,460.39000000,0.27709000,127.56946510,1605424870120,True,True
271,206680644,460.38000000,0.06500000,29.92470000,1605424870302,False,True
272,206680645,460.38000000,0.22000000,101.28360000,1605424870408,True,True
273,206680646,460.39000000,0.58000000,267.02620000,1605424870593,False,True
274,206680647,460.42000000,0.24502000,112.81210840,1605424870593,False,True
275,206680648,460.42000000,0.17498000,80.56429160,1605424870593,False,True
276,206680649,460.42000000,1.53500000,706.74470000,1605424870656,True,True
277,206680650,460.41000000,4.33990000,1998.13335900,1605424871040,True,True
278,206680651,460.32000000,5.00000000,2301.60000000,1605424871491,False,True
279,206680652,460.38000000,2.65300000,1221.38814000,1605424871491,False,True
280,206680653,460.32000000,1.00000000,460.32000000,1605424871555,True,True
281,206680654,460.37000000,0.62000000,285.42940000,1605424873182,True,True
282,206680655,460.37000000,0.16127000,74.24386990,1605424873240,True,True
283,206680656,460.37000000,0.09300000,42.81441000,1605424873402,True,True
284,206680657,460.37000000,0.53800000,247.67906000,1605424874151,True,True
285,206680658,460.37000000,0.23838000,109.74300060,1605424874187,False,True
286,206680659,460.32000000,0.02419000,11.13514080,1605424874301,True,True
287,206680660,460.30000000,0.56904000,261.92911200,1605424874574,False,True
288,206680661,460.30000000,10.00000000,4603.00000000,1605424874665,False,True
289,206680662,460.40000000,5.00000000,2302.00000000,1605424880597,True,True
290,206680663,460.36000000,1.21689000,560.20748040,1605424881759,True,True
291,206680664,460.35000000,0.17541000,80.74999350,1605424881759,True,True
292,206680665,460.33000000,2.90770000,1338.50154100,1605424881759,True,True
293,206680666,460.34000000,0.02630000,12.10694200,1605424882508,True,True
294,206680667,460.39000000,0.75347000,346.89005330,1605424882844,True,True
295,206680668,460.40000000,0.15850000,72.97340000,1605424882883,False,True
296,206680669,460.40000000,0.00002000,0.00920800,1605424882889,False,True
297,206680670,460.42000000,1.12680000,518.80125600,1605424883449,True,True
298,206680671,460.42000000,0.05048000,23.24200160,1605424886692,True,True
299,206680672,460.37000000,0.02453000,11.29287610,1605424890721,True,True
300,206680673,460.38000000,1.49576000,688.61798880,1605424891003,False,True
301,206680674,460.37000000,0.57347000,264.00838390,1605424891143,True,True
302,206680675,460.37000000,0.26050000,119.92638500,1605424897300,True,True
303,206680676,460.35000000,5.00000000,2301.75000000,1605424897899,False,True
304,206680677,460.35000000,1.71000000,787.19850000,1605424897899,False,True
305,206680678,460.35000000,0.02593000,11.93687550,1605424898931,True,True
306,206680679,460.38000000,0.11213000,51.62240940,1605424899964,True,True
307,206680680,460.38000000,0.20231000,93.13947780,1605424900182,True,True
308,206680681,460.39000000,6.89068000,3172.40016520,1605424900213,False,True
309,206680682,460.39000000,17.12844000,7885.76249160,1605424900213,False,True
310,206680683,460.39000000,1.33441000,614.34901990,1605424900213,False,True
311,206680684,460.40000000,25.10000000,11556.04000000,1605424900922,False,True
312,206680685,460.40000000,40.11411000,18468.53624400,1605424900922,False,True
313,206680686,460.40000000,4.16998000,1919.85879200,1605424900934,False,True
314,206680687,460.40000000,3.36355000,1548.57842000,1605424900956,False,True
315,206680688,460.40000000,1.24521000,573.29468400,1605424900956,False,True
316,206680689,460.42000000,9.45000000,4350.96900000,1605424900984,False,True
317,206680690,460.42000000,7.30070000,3361.38829400,1605424900990,False,True
318,206680691,460.42000000,74.16632000,34147.65705440,1605424901000,False,True
319,206680692,460.42000000,1.77800000,818.62676000,1605424901006,False,True
320,206680693,460.42000000,15.27300000,7031.99466000,1605424901324,False,True
321,206680694,460.41000000,0.71266000,328.11579060,1605424901975,True,True
322,206680695,460.41000000,0.06222000,28.64671020,1605424901975,True,True
323,206680696,460.41000000,0.02497000,11.49643770,1605424907163,True,True
324,206680697,460.41000000,0.10119000,46.58888790,1605424909381,True,True
325,206680698,460.42000000,0.00098000,0.45121160,1605424910586,False,True
326,206680699,460.42000000,0.03088000,14.21776960,1605424910586,False,True
327,206680700,460.42000000,1.00000000,460.42000000,1605424910646,False,True
328,206680701,460.42000000,0.88544000,407.67428480,1605424911763,False,True
329,206680702,460.41000000,0.02606000,11.99828460,1605424915435,True,True
330,206680703,460.42000000,0.20993000,96.65597060,1605424917815,False,True
331,206680704,460.41000000,0.02726000,12.55077660,1605424920136,True,True
332,206680705,460.42000000,1.78075000,819.89291500,1605424922129,False,True
333,206680706,460.42000000,1.52925000,704.09728500,1605424922129,False,True
334,206680707,460.41000000,0.30100000,138.58341000,1605424922142,True,True
335,206680708,460.41000000,0.02607000,12.00288870,1605424923569,True,True
336,206680709,460.41000000,0.54815000,252.37374150,1605424923826,True,True
337,206680710,460.42000000,0.00003000,0.01381260,1605424924468,False,True
338,206680711,460.42000000,0.10432000,48.03101440,1605424924601,True,True
339,206680712,460.43000000,0.50000000,230.21500000,1605424925214,False,True
340,206680713,460.43000000,0.73998000,340.70899140,1605424925214,False,True
341,206680714,460.50000000,5.00000000,2302.50000000,1605424925928,True,True
342,206680715,460.50000000,0.50000000,230.25000000,1605424925928,True,True
343,206680716,460.48000000,0.70100000,322.79648000,1605424925928,True,True
344,206680717,460.48000000,0.39742000,183.00396160,1605424926346,False,True
345,206680718,460.48000000,0.14320000,65.94073600,1605424928997,False,True
346,206680719,460.51000000,1.11400000,513.00814000,1605424929954,True,True
347,206680720,460.51000000,3.74480000,1724.51784800,1605424930163,True,True
348,206680721,460.47000000,0.52986000,243.98463420,1605424930163,True,True
349,206680722,460.47000000,2.25606000,1038.84794820,1605424930163,True,True
350,206680723,460.51000000,0.02440000,11.23644400,1605424931799,True,True
351,206680724,460.46000000,0.15362000,70.73586520,1605424932871,True,True
352,206680725,460.50000000,2.14064000,985.76472000,1605424933754,True,True
353,206680726,460.50000000,0.53252000,245.22546000,1605424936099,True,True
354,206680727,460.48000000,1.47799000,680.58483520,1605424936099,True,True
355,206680728,460.47000000,3.01630000,1388.91566100,1605424936099,True,True
356,206680729,460.46000000,0.14391000,66.26479860,1605424936099,True,True
357,206680730,460.44000000,0.80928000,372.62488320,1605424936099,True,True
358,206680731,460.49000000,0.02520000,11.60434800,1605424937984,True,True
359,206680732,460.46000000,5.00000000,2302.30000000,1605424941061,False,True
360,206680733,460.46000000,2.25600000,1038.79776000,1605424941061,False,True
361,206680734,460.46000000,0.29413000,135.43509980,1605424944583,False,True
362,206680735,460.52000000,0.10889000,50.14602280,1605424944583,False,True
363,206680736,460.54000000,0.59698000,274.93316920,1605424944583,False,True
364,206680737,460.52000000,2.72700000,1255.83804000,1605424944722,True,True
365,206680738,460.50000000,1.00000000,460.50000000,1605424945650,False,True
366,206680739,460.49000000,0.02600000,11.97274000,1605424946209,True,True
367,206680740,460.46000000,6.98684000,3217.16034640,1605424948042,True,True
368,206680741,460.47000000,1.00000000,460.47000000,1605424948064,False,True
369,206680742,460.46000000,0.18020000,82.97489200,1605424948947,True,True
370,206680743,460.46000000,0.05605000,25.80878300,1605424949607,True,True
371,206680744,460.47000000,0.52000000,239.44440000,1605424952564,False,True
372,206680745,460.46000000,4.54400000,2092.33024000,1605424952921,False,True
373,206680746,460.44000000,0.02426000,11.17027440,1605424954448,True,True
374,206680747,460.45000000,0.58113000,267.58130850,1605424955775,False,True
375,206680748,460.45000000,0.05370000,24.72616500,1605424955875,False,True
376,206680749,460.47000000,0.25292000,116.46207240,1605424960791,False,True
377,206680750,460.53000000,0.04401000,20.26792530,1605424960841,True,True
378,206680751,460.57000000,0.09743000,44.87333510,1605424961811,False,True
379,206680752,460.57000000,2.21686000,1021.01921020,1605424961811,False,True
380,206680753,460.59000000,3.00000000,1381.77000000,1605424962064,False,True
381,206680754,460.58000000,0.02449000,11.27960420,1605424962606,True,True
382,206680755,460.57000000,1.08560000,499.99479200,1605424964255,True,True
383,206680756,460.57000000,1.08560000,499.99479200,1605424964255,True,True
384,206680757,460.54000000,1.08560000,499.96222400,1605424964259,True,True
385,206680758,460.54000000,0.04860000,22.38224400,1605424964260,True,True
386,206680759,460.54000000,0.89880000,413.93335200,1605424964260,True,True
387,206680760,460.52000000,0.18680000,86.02513600,1605424964260,True,True
388,206680761,460.54000000,0.09000000,41.44860000,1605424964375,False,True
389,206680762,460.53000000,0.92200000,424.60866000,1605424967930,True,True
390,206680763,460.53000000,0.06900000,31.77657000,1605424968654,True,True
391,206680764,460.57000000,0.03229000,14.87180530,1605424969648,True,True
392,206680765,460.53000000,0.02580000,11.88167400,1605424970816,True,True
393,206680766,460.54000000,1.01966000,469.59421640,1605424970946,False,True
394,206680767,460.53000000,0.36758000,169.28161740,1605424971246,True,True
395,206680768,460.45000000,4.16953000,1919.86008850,1605424972347,True,True
396,206680769,460.44000000,0.12000000,55.25280000,1605424973025,True,True
397,206680770,460.36000000,0.09500000,43.73420000,1605424973025,True,True
398,206680771,460.42000000,0.31000000,142.73020000,1605424973103,False,True
399,206680772,460.42000000,0.38200000,175.88044000,1605424973205,False,True
400,206680773,460.45000000,0.96780000,445.62351000,1605424973739,False,True
401,206680774,460.46000000,0.04179000,19.24262340,1605424973892,True,True
402,206680775,460.44000000,0.75000000,345.33000000,1605424974061,False,True
403,206680776,460.43000000,7.91800000,3645.68474000,1605424976574,False,True
404,206680777,460.48000000,0.02507000,11.54423360,1605424979049,True,True
405,206680778,460.48000000,4.97493000,2290.85576640,1605424980370,True,True
406,206680779,460.44000000,0.45423000,209.14566120,1605424980370,True,True
407,206680780,460.44000000,0.43448000,200.05197120,1605424983313,False,True
408,206680781,460.43000000,0.02590000,11.92513700,1605424987262,True,True
409,206680782,460.44000000,6.00000000,2762.64000000,1605424987821,False,True
410,206680783,460.44000000,6.00000000,2762.64000000,1605424987822,False,True
411,206680784,460.44000000,0.10822000,49.82881680,1605424988438,False,True
412,206680785,460.43000000,0.31000000,142.73330000,1605424991091,False,True
413,206680786,460.44000000,0.10822000,49.82881680,1605424992837,False,True
414,206680787,460.44000000,0.43887000,202.07330280,1605424993353,False,True
415,206680788,460.44000000,0.58500000,269.35740000,1605424994952,False,True
416,206680789,460.43000000,0.02408000,11.08715440,1605424995475,True,True
417,206680790,460.44000000,0.99600000,458.59824000,1605424997231,False,True
418,206680791,460.43000000,4.92900000,2269.45947000,1605424998597,True,True
419,206680792,460.43000000,0.10393000,47.85248990,1605424999036,True,True
420,206680793,460.39000000,0.04607000,21.21016730,1605424999036,True,True
421,206680794,460.43000000,0.42446000,195.43411780,1605424999052,True,True
422,206680795,460.44000000,0.10822000,49.82881680,1605425000832,False,True
423,206680796,460.43000000,0.35041000,161.33927630,1605425002068,True,True
424,206680797,460.44000000,3.06500000,1411.24860000,1605425002757,False,True
425,206680798,460.43000000,0.02530000,11.64887900,1605425003703,True,True
426,206680799,460.44000000,6.00000000,2762.64000000,1605425004063,False,True
427,206680800,460.44000000,12.56200000,5784.04728000,1605425008807,False,True
428,206680801,460.44000000,19.02400000,8759.41056000,1605425008910,False,True
429,206680802,460.44000000,17.17700000,7908.97788000,1605425009014,False,True
430,206680803,460.44000000,3.54100000,1630.41804000,1605425009125,False,True
431,206680804,460.44000000,0.21300000,98.07372000,1605425009226,False,True
432,206680805,460.44000000,0.24000000,110.50560000,1605425009328,False,True
433,206680806,460.44000000,0.13900000,64.00116000,1605425010184,False,True
434,206680807,460.44000000,0.24000000,110.50560000,1605425010306,False,True
435,206680808,460.44000000,0.07000000,32.23080000,1605425010502,False,True
436,206680809,460.43000000,0.02412000,11.10557160,1605425011887,True,True
437,206680810,460.44000000,0.13232000,60.92542080,1605425013916,False,True
438,206680811,460.44000000,6.30000000,2900.77200000,1605425014318,False,True
439,206680812,460.43000000,0.12422000,57.19461460,1605425014459,True,True
440,206680813,460.43000000,1.53365000,706.13846950,1605425016475,True,True
441,206680814,460.43000000,0.98632000,454.13131760,1605425016475,True,True
442,206680815,460.44000000,11.08851000,5105.59354440,1605425018200,False,True
443,206680816,460.44000000,1.13070000,520.61950800,1605425018200,False,True
444,206680817,460.44000000,0.05419000,24.95124360,1605425018200,False,True
445,206680818,460.44000000,1.17670000,541.79974800,1605425018200,False,True
446,206680819,460.44000000,0.98190000,452.10603600,1605425018200,False,True
447,206680820,460.47000000,0.09217000,42.44151990,1605425018525,True,True
448,206680821,460.48000000,0.21644000,99.66629120,1605425019242,False,True
449,206680822,460.48000000,0.19000000,87.49120000,1605425019908,False,True
450,206680823,460.47000000,0.02607000,12.00445290,1605425020095,True,True
451,206680824,460.48000000,0.21100000,97.16128000,1605425020417,False,True
452,206680825,460.47000000,0.12469000,57.41600430,1605425022043,True,True
453,206680826,460.48000000,0.00026000,0.11972480,1605425023790,False,True
454,206680827,460.48000000,0.08185000,37.69028800,1605425023790,False,True
455,206680828,460.51000000,0.13002000,59.87551020,1605425024098,True,True
456,206680829,460.50000000,3.84899000,1772.45989500,1605425027543,False,True
457,206680830,460.50000000,1.99774000,919.95927000,1605425027543,False,True
458,206680831,460.51000000,5.00000000,2302.55000000,1605425027728,True,True
459,206680832,460.51000000,3.65959000,1685.27779090,1605425027728,True,True
460,206680833,460.51000000,0.08074000,37.18157740,1605425027748,True,True
461,206680834,460.51000000,0.02494000,11.48511940,1605425028322,True,True
462,206680835,460.48000000,5.00000000,2302.40000000,1605425029418,False,True
463,206680836,460.48000000,2.45000000,1128.17600000,1605425029418,False,True
464,206680837,460.50000000,5.00000000,2302.50000000,1605425029690,False,True
465,206680838,460.51000000,1.49790000,689.79792900,1605425031321,True,True
466,206680839,460.50000000,4.53666000,2089.13193000,1605425031321,True,True
467,206680840,460.49000000,22.96544000,10575.35546560,1605425031321,True,True
468,206680841,460.50000000,0.21644000,99.67062000,1605425031845,False,True
469,206680842,460.49000000,0.34932000,160.85836680,1605425033261,True,True
470,206680843,460.49000000,0.16161000,74.41978890,1605425033261,True,True
471,206680844,460.50000000,1.61423000,743.35291500,1605425033906,False,True
472,206680845,460.50000000,0.97957000,451.09198500,1605425035564,False,True
473,206680846,460.49000000,0.00003000,0.01381470,1605425036500,True,True
474,206680847,460.49000000,0.02533000,11.66421170,1605425036500,True,True
475,206680848,460.50000000,0.25694000,118.32087000,1605425037724,False,True
476,206680849,460.50000000,0.42890000,197.50845000,1605425039766,False,True
477,206680850,460.50000000,1.50392000,692.55516000,1605425040217,False,True
478,206680851,460.50000000,0.35257000,162.35848500,1605425040217,False,True
479,206680852,460.51000000,0.07000000,32.23570000,1605425040740,False,True
480,206680853,460.53000000,0.48000000,221.05440000,1605425041093,True,True
481,206680854,460.52000000,1.36673000,629.40649960,1605425042937,True,True
482,206680855,460.52000000,0.78451000,361.28254520,1605425043544,True,True
483,206680856,460.50000000,5.00000000,2302.50000000,1605425044290,True,True
484,206680857,460.50000000,1.89901000,874.49410500,1605425044290,True,True
485,206680858,460.48000000,0.02626000,12.09220480,1605425044723,True,True
486,206680859,460.49000000,1.25594000,578.34781060,1605425045575,False,True
487,206680860,460.49000000,0.42604000,196.18715960,1605425047618,False,True
488,206680861,460.47000000,1.03912000,478.48358640,1605425051333,True,True
489,206680862,460.47000000,0.02577000,11.86631190,1605425052942,True,True
490,206680863,460.47000000,0.93424000,430.18949280,1605425053323,True,True
491,206680864,460.48000000,0.09482000,43.66271360,1605425053640,False,True
492,206680865,460.48000000,1.90641000,877.86367680,1605425053664,False,True
493,206680866,460.48000000,2.00119000,921.50797120,1605425053664,False,True
494,206680867,460.48000000,0.19748000,90.93559040,1605425053664,False,True
495,206680868,460.45000000,0.65316000,300.74752200,1605425057575,False,True
496,206680869,460.49000000,0.18836000,86.73789640,1605425058201,False,True
497,206680870,460.49000000,0.46475000,214.01272750,1605425058201,False,True
498,206680871,460.49000000,2.00000000,920.98000000,1605425058502,False,True
499,206680872,460.49000000,0.04466000,20.56548340,1605425058791,False,True
