,id,price,qty,quoteQty,time,isBuyerMaker,isBestMatch
0,133865114,131.47000000,10.78600000,1418.03542000,1584970026396,False,True
1,133865115,131.48000000,15.30000000,2011.64400000,1584970026396,False,True
2,133865116,131.48000000,10.00025000,1314.83287000,1584970026396,False,True
3,133865117,131.49000000,30.49787000,4010.16492630,1584970026396,False,True
4,133865118,131.50000000,0.00096000,0.12624000,1584970026396,False,True
5,133865119,131.50000000,49.99999000,6574.99868500,1584970026396,False,True
6,133865120,131.50000000,5.90489000,776.49303500,1584970026396,False,True
7,133865121,131.50000000,0.21900000,28.79850000,1584970026396,False,True
8,133865122,131.50000000,7.60285000,999.77477500,1584970026440,True,True
9,133865123,131.50000000,73.94692000,9724.01998000,1584970026441,True,True
10,133865124,131.39000000,0.30000000,39.41700000,1584970026733,True,True
11,133865125,131.42000000,5.29319000,695.63102980,1584970027202,True,True
12,133865126,131.42000000,5.10181000,670.47987020,1584970027408,False,True
13,133865127,131.41000000,4.61500000,606.45715000,1584970027447,True,True
14,133865128,131.40000000,0.66422000,87.27850800,1584970027449,True,True
15,133865129,131.43000000,0.49900000,65.58357000,1584970027563,False,True
16,133865130,131.42000000,1.58600000,208.43212000,1584970027854,True,True
17,133865131,131.43000000,0.00099000,0.13011570,1584970027867,False,True
18,133865132,131.46000000,1.86836000,245.61460560,1584970027867,False,True
19,133865133,131.47000000,1.44400000,189.84268000,1584970028192,False,True
20,133865134,131.46000000,1.02854000,135.21186840,1584970028497,False,True
21,133865135,131.44000000,3.14400000,413.24736000,1584970028699,False,True
22,133865136,131.48000000,0.45700000,60.08636000,1584970028912,False,True
23,133865137,131.47000000,3.54300000,465.79821000,1584970029027,False,True
24,133865138,131.47000000,1.50000000,197.20500000,1584970029123,False,True
25,133865139,131.42000000,0.15215000,19.99555300,1584970029468,True,True
26,133865140,131.41000000,2.00000000,262.82000000,1584970029724,True,True
27,133865141,131.42000000,5.29279000,695.57846180,1584970029749,True,True
28,133865142,131.41000000,7.30285000,959.66751850,1584970029766,True,True
29,133865143,131.41000000,5.84715000,768.37398150,1584970029822,True,True
30,133865144,131.41000000,0.71383000,93.80440030,1584970029822,True,True
31,133865145,131.41000000,2.00000000,262.82000000,1584970029822,True,True
32,133865146,131.39000000,1.52300000,200.10697000,1584970030008,True,True
33,133865147,131.39000000,0.15216000,19.99230240,1584970030016,True,True
34,133865148,131.39000000,5.62769000,739.42218910,1584970030019,True,True
35,133865149,131.37000000,0.30000000,39.41100000,1584970030735,True,True
36,133865150,131.37000000,0.15222000,19.99714140,1584970031027,True,True
37,133865151,131.37000000,6.99778000,919.29835860,1584970031521,True,True
38,133865152,131.33000000,0.15222000,19.99105260,1584970031587,True,True
39,133865153,131.34000000,2.00000000,262.68000000,1584970031710,True,True
40,133865154,131.35000000,0.15224000,19.99672400,1584970031813,True,True
41,133865155,131.40000000,0.14622000,19.21330800,1584970032385,False,True
42,133865156,131.40000000,1.00033000,131.44336200,1584970032517,False,True
43,133865157,131.36000000,2.00000000,262.72000000,1584970032549,True,True
44,133865158,131.40000000,3.25704000,427.97505600,1584970032747,False,True
45,133865159,131.40000000,1.59641000,209.76827400,1584970032772,False,True
46,133865160,131.41000000,0.63472000,83.40855520,1584970032772,False,True
47,133865161,131.40000000,0.88107000,115.77259800,1584970032971,True,True
48,133865162,131.40000000,1.61454000,212.15055600,1584970033513,True,True
49,133865163,131.43000000,0.38533000,50.64392190,1584970033714,False,True
50,133865164,131.39000000,0.15218000,19.99493020,1584970033743,True,True
51,133865165,131.38000000,0.09100000,11.95558000,1584970033978,True,True
52,133865166,131.38000000,0.06116000,8.03520080,1584970034732,True,True
53,133865167,131.37000000,0.23884000,31.37641080,1584970034732,True,True
54,133865168,131.40000000,4.23531000,556.51973400,1584970035513,True,True
55,133865169,131.40000000,1.05869000,139.11186600,1584970035608,True,True
56,133865170,131.41000000,0.08111000,10.65866510,1584970035705,False,True
57,133865171,131.37000000,0.15220000,19.99451400,1584970035822,True,True
58,133865172,131.40000000,1.08077000,142.01317800,1584970036018,False,True
59,133865173,131.36000000,0.18320000,24.06515200,1584970036371,True,True
60,133865174,131.32000000,1.31472000,172.64903040,1584970036371,True,True
61,133865175,131.35000000,7.42970000,975.89109500,1584970036664,True,True
62,133865176,131.38000000,0.15223000,19.99997740,1584970037230,True,True
63,133865177,131.39000000,0.15220000,19.99755800,1584970037235,False,True
64,133865178,131.41000000,2.20182000,289.34116620,1584970037235,False,True
65,133865179,131.42000000,5.22857000,687.13866940,1584970037235,False,True
66,133865180,131.40000000,0.49950000,65.63430000,1584970038097,True,True
67,133865181,131.41000000,3.95448000,519.65821680,1584970038159,True,True
68,133865182,131.40000000,0.01449000,1.90398600,1584970038159,True,True
69,133865183,131.40000000,6.00000000,788.40000000,1584970038500,False,True
70,133865184,131.40000000,0.30000000,39.42000000,1584970038742,True,True
71,133865185,131.45000000,0.11518000,15.14041100,1584970038852,False,True
72,133865186,131.45000000,2.91269000,382.87310050,1584970038852,False,True
73,133865187,131.40000000,0.15217000,19.99513800,1584970039369,True,True
74,133865188,131.39000000,0.15214000,19.98967460,1584970039683,True,True
75,133865189,131.39000000,0.00004000,0.00525560,1584970039683,True,True
76,133865190,131.43000000,1.01723000,133.69453890,1584970039952,False,True
77,133865191,131.38000000,10.00000000,1313.80000000,1584970040191,True,True
78,133865192,131.38000000,1.00996000,132.68854480,1584970040191,True,True
79,133865193,131.37000000,7.52000000,987.90240000,1584970040191,True,True
80,133865194,131.36000000,4.34730000,571.06132800,1584970040191,True,True
81,133865195,131.37000000,0.15217000,19.99057290,1584970040278,True,True
82,133865196,131.36000000,0.00002000,0.00262720,1584970040278,True,True
83,133865197,131.38000000,5.29500000,695.65710000,1584970040420,False,True
84,133865198,131.35000000,5.29541000,695.55210350,1584970040584,True,True
85,133865199,131.34000000,0.15220000,19.98994800,1584970040603,True,True
86,133865200,131.31000000,0.00002000,0.00262620,1584970040603,True,True
87,133865201,131.39000000,0.15213000,19.98836070,1584970040622,False,True
88,133865202,131.39000000,1.53871000,202.17110690,1584970040622,False,True
89,133865203,131.39000000,10.00000000,1313.90000000,1584970040622,False,True
90,133865204,131.39000000,3.49370000,459.03724300,1584970040622,False,True
91,133865205,131.31000000,0.15226000,19.99326060,1584970041011,True,True
92,133865206,131.36000000,2.28330000,299.93428800,1584970041342,False,True
93,133865207,131.36000000,0.28031000,36.82152160,1584970041786,False,True
94,133865208,131.37000000,0.30400000,39.93648000,1584970042186,False,True
95,133865209,131.36000000,1.00000000,131.36000000,1584970042421,True,True
96,133865210,131.36000000,0.30000000,39.40800000,1584970042744,True,True
97,133865211,131.36000000,0.81871000,107.54574560,1584970042810,True,True
98,133865212,131.36000000,1.90866000,250.72157760,1584970043112,True,True
99,133865213,131.36000000,0.19469000,25.57447840,1584970043260,False,True
100,133865214,131.32000000,0.15226000,19.99478320,1584970043713,True,True
101,133865215,131.31000000,0.15223000,19.98932130,1584970044265,True,True
102,133865216,131.30000000,0.00005000,0.00656500,1584970044265,True,True
103,133865217,131.32000000,0.31030000,40.74859600,1584970044489,False,True
104,133865218,131.31000000,1.00000000,131.31000000,1584970044934,True,True
105,133865219,131.32000000,0.34600000,45.43672000,1584970045439,False,True
106,133865220,131.31000000,3.99000000,523.92690000,1584970045695,True,True
107,133865221,131.31000000,0.15229000,19.99719990,1584970045971,True,True
108,133865222,131.31000000,0.30000000,39.39300000,1584970046757,True,True
109,133865223,131.31000000,0.33093000,43.45441830,1584970046907,False,True
110,133865224,131.31000000,0.00253000,0.33221430,1584970047729,False,True
111,133865225,131.32000000,0.00095000,0.12475400,1584970047729,False,True
112,133865226,131.34000000,1.57351000,206.66480340,1584970047729,False,True
113,133865227,131.35000000,5.70846000,749.80622100,1584970047729,False,True
114,133865228,131.36000000,0.01430000,1.87844800,1584970047729,False,True
115,133865229,131.36000000,0.09793000,12.86408480,1584970047729,False,True
116,133865230,131.36000000,1.53774000,201.99752640,1584970047729,False,True
117,133865231,131.37000000,0.00038000,0.04992060,1584970047729,False,True
118,133865232,131.37000000,3.29962000,433.47107940,1584970047729,False,True
119,133865233,131.38000000,10.00000000,1313.80000000,1584970047729,False,True
120,133865234,131.38000000,2.91206000,382.58644280,1584970047729,False,True
121,133865235,131.31000000,0.15223000,19.98932130,1584970048796,True,True
122,133865236,131.30000000,10.76777000,1413.80820100,1584970048796,True,True
123,133865237,131.35000000,0.30402000,39.93302700,1584970049045,False,True
124,133865238,131.30000000,0.15232000,19.99961600,1584970049327,True,True
125,133865239,131.33000000,1.00000000,131.33000000,1584970049360,False,True
126,133865240,131.30000000,0.17528000,23.01426400,1584970050049,True,True
127,133865241,131.30000000,0.15230000,19.99699000,1584970050178,True,True
128,133865242,131.30000000,0.30000000,39.39000000,1584970050768,True,True
129,133865243,131.30000000,1.52300000,199.96990000,1584970050792,True,True
130,133865244,131.31000000,5.28996000,694.62464760,1584970051056,False,True
131,133865245,131.31000000,3.71404000,487.69059240,1584970051056,False,True
132,133865246,131.30000000,7.97600000,1047.24880000,1584970051072,True,True
133,133865247,131.30000000,2.34229000,307.54267700,1584970051098,True,True
134,133865248,131.30000000,5.29823000,695.65759900,1584970051471,False,True
135,133865249,131.30000000,1.69483000,222.53117900,1584970051471,False,True
136,133865250,131.30000000,0.15232000,19.99961600,1584970051495,True,True
137,133865251,131.30000000,8.08691000,1061.81128300,1584970051524,True,True
138,133865252,131.28000000,1.04108000,136.67298240,1584970051601,True,True
139,133865253,131.28000000,0.15233000,19.99788240,1584970051608,True,True
140,133865254,131.25000000,0.15233000,19.99331250,1584970051843,True,True
141,133865255,131.25000000,0.97909000,128.50556250,1584970052023,True,True
142,133865256,131.24000000,2.50000000,328.10000000,1584970052328,True,True
143,133865257,131.24000000,2.48000000,325.47520000,1584970052339,True,True
144,133865258,131.24000000,2.50000000,328.10000000,1584970052353,True,True
145,133865259,131.23000000,0.39320000,51.59963600,1584970052359,True,True
146,133865260,131.23000000,0.00004000,0.00524920,1584970052402,True,True
147,133865261,131.22000000,0.08417000,11.04478740,1584970052402,True,True
148,133865262,131.22000000,0.22859000,29.99557980,1584970052402,True,True
149,133865263,131.22000000,0.00003000,0.00393660,1584970052479,True,True
150,133865264,131.20000000,0.15233000,19.98569600,1584970052479,True,True
151,133865265,131.20000000,6.84767000,898.41430400,1584970052479,True,True
152,133865266,131.20000000,2.12375000,278.63600000,1584970052479,True,True
153,133865267,131.21000000,0.50543000,66.31747030,1584970052622,False,True
154,133865268,131.21000000,4.79624000,629.31465040,1584970052724,False,True
155,133865269,131.20000000,66.54175000,8730.27760000,1584970052729,True,True
156,133865270,131.20000000,4.35079000,570.82364800,1584970052752,True,True
157,133865271,131.18000000,2.28693000,299.99947740,1584970052774,True,True
158,133865272,131.18000000,0.15239000,19.99052020,1584970052810,True,True
159,133865273,131.17000000,1.47976000,194.10011920,1584970052810,True,True
160,133865274,131.17000000,0.15239000,19.98899630,1584970052827,True,True
161,133865275,131.17000000,1.38409000,181.55108530,1584970052827,True,True
162,133865276,131.21000000,5.07107000,665.37509470,1584970052962,False,True
163,133865277,131.16000000,0.15241000,19.99009560,1584970053683,True,True
164,133865278,131.16000000,2.24000000,293.79840000,1584970054041,True,True
165,133865279,131.16000000,4.00000000,524.64000000,1584970054284,True,True
166,133865280,131.16000000,1.21794000,159.74501040,1584970054287,True,True
167,133865281,131.13000000,0.08932000,11.71253160,1584970054429,True,True
168,133865282,131.13000000,0.15247000,19.99339110,1584970054456,True,True
169,133865283,131.12000000,0.15249000,19.99448880,1584970054620,True,True
170,133865284,131.12000000,0.30000000,39.33600000,1584970054780,True,True
171,133865285,131.12000000,0.15252000,19.99842240,1584970055348,True,True
172,133865286,131.14000000,0.15250000,19.99885000,1584970056731,True,True
173,133865287,131.14000000,1.73300000,227.26562000,1584970056763,True,True
174,133865288,131.15000000,1.71200000,224.52880000,1584970056904,False,True
175,133865289,131.16000000,0.30446000,39.93297360,1584970056961,False,True
176,133865290,131.16000000,1.71200000,224.54592000,1584970056961,False,True
177,133865291,131.16000000,1.71200000,224.54592000,1584970056961,False,True
178,133865292,131.16000000,4.14347000,543.45752520,1584970056961,False,True
179,133865293,131.17000000,1.71200000,224.56304000,1584970056990,False,True
180,133865294,131.18000000,0.19200000,25.18656000,1584970057283,True,True
181,133865295,131.19000000,1.25400000,164.51226000,1584970057373,True,True
182,133865296,131.18000000,0.15244000,19.99707920,1584970057421,True,True
183,133865297,131.19000000,2.41087000,316.28203530,1584970057540,True,True
184,133865298,131.19000000,4.85258000,636.60997020,1584970057598,True,True
185,133865299,131.18000000,3.27272000,429.31540960,1584970057695,True,True
186,133865300,131.16000000,0.15244000,19.99403040,1584970058246,True,True
187,133865301,131.17000000,7.39840000,970.44812800,1584970058650,True,True
188,133865302,131.17000000,0.30000000,39.35100000,1584970058774,True,True
189,133865303,131.20000000,3.27040000,429.07648000,1584970058935,False,True
190,133865304,131.21000000,3.25482000,427.06493220,1584970058962,False,True
191,133865305,131.21000000,4.00000000,524.84000000,1584970058984,False,True
192,133865306,131.21000000,0.36958000,48.49259180,1584970058989,False,True
193,133865307,131.21000000,2.77400000,363.97654000,1584970058989,False,True
194,133865308,131.21000000,1.79012000,234.88164520,1584970058989,False,True
195,133865309,131.22000000,2.28624000,300.00041280,1584970059010,False,True
196,133865310,131.22000000,6.00000000,787.32000000,1584970059010,False,True
197,133865311,131.24000000,1.00000000,131.24000000,1584970059290,True,True
198,133865312,131.25000000,0.29300000,38.45625000,1584970059629,False,True
199,133865313,131.25000000,5.29985000,695.60531250,1584970059864,True,True
200,133865314,131.20000000,0.15239000,19.99356800,1584970060173,True,True
201,133865315,131.19000000,0.15242000,19.99597980,1584970060700,True,True
202,133865316,131.17000000,0.15238000,19.98768460,1584970061786,True,True
203,133865317,131.17000000,0.00004000,0.00524680,1584970061786,True,True
204,133865318,131.20000000,2.28465000,299.74608000,1584970061936,False,True
205,133865319,131.20000000,6.12000000,802.94400000,1584970062059,False,True
206,133865320,131.21000000,0.44836000,58.82931560,1584970062486,False,True
207,133865321,131.17000000,0.31498000,41.31592660,1584970062674,True,True
208,133865322,131.17000000,9.68498000,1270.37882660,1584970062685,True,True
209,133865323,131.17000000,4.95837000,650.38939290,1584970062685,True,True
210,133865324,131.16000000,0.15245000,19.99534200,1584970062740,True,True
211,133865325,131.14000000,0.30000000,39.34200000,1584970062791,True,True
212,133865326,131.15000000,0.15242000,19.98988300,1584970063145,True,True
213,133865327,131.12000000,0.09791000,12.83795920,1584970063792,True,True
214,133865328,131.10000000,0.05457000,7.15412700,1584970063792,True,True
215,133865329,131.14000000,1.58908000,208.39195120,1584970064165,False,True
216,133865330,131.12000000,10.00000000,1311.20000000,1584970064226,False,True
217,133865331,131.15000000,1.78772000,234.45947800,1584970064585,False,True
218,133865332,131.10000000,0.08895000,11.66134500,1584970064666,True,True
219,133865333,131.14000000,1.58908000,208.39195120,1584970064689,False,True
220,133865334,131.14000000,2.50000000,327.85000000,1584970065423,False,True
221,133865335,131.14000000,1.04659000,137.24981260,1584970065425,False,True
222,133865336,131.14000000,3.12012000,409.17253680,1584970065446,False,True
223,133865337,131.15000000,1.85400000,243.15210000,1584970065529,False,True
224,133865338,131.15000000,1.28140000,168.05561000,1584970065575,False,True
225,133865339,131.14000000,0.15250000,19.99885000,1584970065795,True,True
226,133865340,131.13000000,0.30000000,39.33900000,1584970066789,True,True
227,133865341,131.14000000,0.07692000,10.08728880,1584970067258,True,True
228,133865342,131.12000000,0.07557000,9.90873840,1584970067258,True,True
229,133865343,131.10000000,2.00000000,262.20000000,1584970067761,True,True
230,133865344,131.13000000,1.72151000,225.74160630,1584970067938,False,True
231,133865345,131.12000000,1.52300000,199.69576000,1584970069301,True,True
232,133865346,131.13000000,1.47500000,193.41675000,1584970070350,False,True
233,133865347,131.13000000,1.52287000,199.69394310,1584970070472,False,True
234,133865348,131.13000000,1.67185000,219.22969050,1584970070579,False,True
235,133865349,131.13000000,1.78772000,234.42372360,1584970070692,False,True
236,133865350,131.13000000,1.78772000,234.42372360,1584970070783,False,True
237,133865351,131.12000000,0.30000000,39.33600000,1584970070804,True,True
238,133865352,131.13000000,1.78772000,234.42372360,1584970070897,False,True
239,133865353,131.13000000,1.78772000,234.42372360,1584970070998,False,True
240,133865354,131.13000000,0.36417000,47.75361210,1584970071218,False,True
241,133865355,131.10000000,0.07523000,9.86265300,1584970071339,True,True
242,133865356,131.10000000,0.07727000,10.13009700,1584970071339,True,True
243,133865357,131.10000000,4.67273000,612.59490300,1584970071726,True,True
244,133865358,131.10000000,0.99994000,131.09213400,1584970071726,True,True
245,133865359,131.10000000,0.00001000,0.00131100,1584970071956,True,True
246,133865360,131.07000000,0.15255000,19.99472850,1584970072005,True,True
247,133865361,131.07000000,2.49999000,327.67368930,1584970072227,True,True
248,133865362,131.06000000,0.09600000,12.58176000,1584970072562,False,True
249,133865363,131.05000000,0.10000000,13.10500000,1584970072854,True,True
250,133865364,131.05000000,0.13760000,18.03248000,1584970072854,True,True
251,133865365,131.04000000,0.91440000,119.82297600,1584970072854,True,True
252,133865366,131.04000000,1.90877000,250.12522080,1584970073137,True,True
253,133865367,131.04000000,6.10940000,800.57577600,1584970074588,True,True
254,133865368,131.04000000,10.00000000,1310.40000000,1584970074588,True,True
255,133865369,131.03000000,1.00000000,131.03000000,1584970074607,True,True
256,133865370,131.03000000,1.76361000,231.08581830,1584970074607,True,True
257,133865371,131.03000000,0.15261000,19.99648830,1584970074655,True,True
258,133865372,131.02000000,0.08417000,11.02795340,1584970074764,True,True
259,133865373,131.01000000,7.62251000,998.62503510,1584970074764,True,True
260,133865374,131.01000000,15.25902000,1999.08421020,1584970074764,True,True
261,133865375,131.01000000,1.89253000,247.94035530,1584970074764,True,True
262,133865376,131.00000000,2.00000000,262.00000000,1584970074774,True,True
263,133865377,131.00000000,1.66136000,217.63816000,1584970074774,True,True
264,133865378,131.00000000,8.16407000,1069.49317000,1584970074794,True,True
265,133865379,131.00000000,8.23912000,1079.32472000,1584970074794,True,True
266,133865380,131.04000000,0.71857000,94.16141280,1584970074803,False,True
267,133865381,131.00000000,1.76088000,230.67528000,1584970074809,True,True
268,133865382,131.00000000,0.16000000,20.96000000,1584970074809,True,True
269,133865383,131.00000000,0.30000000,39.30000000,1584970074809,True,True
270,133865384,131.00000000,0.10000000,13.10000000,1584970074809,True,True
271,133865385,131.00000000,0.30324000,39.72444000,1584970074809,True,True
272,133865386,131.00000000,1.97437000,258.64247000,1584970074809,True,True
273,133865387,131.00000000,1.59371000,208.77601000,1584970074809,True,True
274,133865388,131.00000000,3.28435000,430.24985000,1584970074809,True,True
275,133865389,131.00000000,4.52345000,592.57195000,1584970074809,True,True
276,133865390,131.00000000,1.00000000,131.00000000,1584970074809,True,True
277,133865391,131.00000000,13.00000000,1703.00000000,1584970074810,True,True
278,133865392,131.00000000,26.95775000,3531.46525000,1584970074811,True,True
279,133865393,131.00000000,1.00000000,131.00000000,1584970074812,True,True
280,133865394,131.00000000,1.00000000,131.00000000,1584970074813,True,True
281,133865395,131.00000000,29.29641000,3837.82971000,1584970074814,True,True
282,133865396,131.00000000,0.10000000,13.10000000,1584970074814,True,True
283,133865397,131.00000000,1.60359000,210.07029000,1584970074814,True,True
284,133865398,131.00000000,1.00000000,131.00000000,1584970074816,True,True
285,133865399,131.00000000,6.66892000,873.62852000,1584970074816,True,True
286,133865400,131.00000000,4.00000000,524.00000000,1584970074817,True,True
287,133865401,131.00000000,6.72749000,881.30119000,1584970074818,True,True
288,133865402,131.00000000,0.27251000,35.69881000,1584970074818,True,True
289,133865403,130.99000000,0.30000000,39.29700000,1584970074828,True,True
290,133865404,130.97000000,0.08969000,11.74669930,1584970074907,True,True
291,133865405,131.01000000,1.76361000,231.05054610,1584970075009,False,True
292,133865406,131.01000000,10.00000000,1310.10000000,1584970075009,False,True
293,133865407,131.01000000,5.31037000,695.71157370,1584970075009,False,True
294,133865408,130.96000000,0.08768000,11.48257280,1584970075038,True,True
295,133865409,131.01000000,1.94313000,254.56946130,1584970075105,False,True
296,133865410,130.98000000,0.08936000,11.70437280,1584970075559,False,True
297,133865411,130.95000000,3.80323000,498.03296850,1584970075714,True,True
298,133865412,130.95000000,1.21790000,159.48400500,1584970075827,True,True
299,133865413,130.95000000,10.00000000,1309.50000000,1584970075827,True,True
300,133865414,130.95000000,0.13925000,18.23478750,1584970076007,False,True
301,133865415,130.97000000,2.13190000,279.21494300,1584970076291,False,True
302,133865416,130.93000000,0.60500000,79.21265000,1584970076538,True,True
303,133865417,130.93000000,0.15271000,19.99432030,1584970076657,True,True
304,133865418,130.95000000,0.14040000,18.38538000,1584970076824,False,True
305,133865419,130.93000000,1.00000000,130.93000000,1584970076908,True,True
306,133865420,130.94000000,0.20000000,26.18800000,1584970077277,False,True
307,133865421,130.94000000,3.00000000,392.82000000,1584970077319,False,True
308,133865422,130.94000000,2.11260000,276.62384400,1584970077321,False,True
309,133865423,130.95000000,1.71200000,224.18640000,1584970077476,False,True
310,133865424,130.95000000,2.84432000,372.46370400,1584970077555,False,True
311,133865425,130.95000000,0.93128000,121.95111600,1584970077555,False,True
312,133865426,130.93000000,19.87502000,2602.23636860,1584970078159,True,True
313,133865427,130.93000000,1.96135000,256.79955550,1584970078159,True,True
314,133865428,130.93000000,1.89791000,248.49335630,1584970078159,True,True
315,133865429,130.90000000,0.10007000,13.09916300,1584970078192,True,True
316,133865430,130.90000000,9.71615000,1271.84403500,1584970078192,True,True
317,133865431,130.90000000,5.43384000,711.28965600,1584970078192,True,True
318,133865432,130.88000000,0.15272000,19.98799360,1584970078224,True,True
319,133865433,130.96000000,0.16992000,22.25272320,1584970078224,False,True
320,133865434,130.90000000,5.30241000,694.08546900,1584970078439,False,True
321,133865435,130.90000000,0.01222000,1.59959800,1584970078485,False,True
322,133865436,130.91000000,0.09677000,12.66816070,1584970078485,False,True
323,133865437,130.88000000,0.30000000,39.26400000,1584970078824,True,True
324,133865438,130.93000000,9.26065000,1212.49690450,1584970079263,False,True
325,133865439,130.89000000,4.31273000,564.49322970,1584970079330,True,True
326,133865440,130.90000000,4.19040000,548.52336000,1584970079436,False,True
327,133865441,130.90000000,3.07177000,402.09469300,1584970079527,False,True
328,133865442,130.93000000,23.96100000,3137.21373000,1584970079615,False,True
329,133865443,130.93000000,7.33426000,960.27466180,1584970079626,False,True
330,133865444,130.93000000,0.15278000,20.00348540,1584970080310,True,True
331,133865445,130.87000000,0.15274000,19.98908380,1584970081089,True,True
332,133865446,130.87000000,0.03017000,3.94834790,1584970081413,True,True
333,133865447,130.87000000,7.33693000,960.18402910,1584970081413,True,True
334,133865448,130.88000000,0.18531000,24.25337280,1584970081614,False,True
335,133865449,130.86000000,3.21598000,420.84314280,1584970081708,True,True
336,133865450,130.86000000,0.90526000,118.46232360,1584970081708,True,True
337,133865451,130.87000000,0.61269000,80.18274030,1584970081732,False,True
338,133865452,130.86000000,3.52396000,461.14540560,1584970081977,True,True
339,133865453,130.85000000,1.64310000,214.99963500,1584970082090,True,True
340,133865454,130.85000000,0.09991000,13.07322350,1584970082090,True,True
341,133865455,130.85000000,0.09991000,13.07322350,1584970082090,True,True
342,133865456,130.82000000,0.15282000,19.99191240,1584970082206,True,True
343,133865457,130.85000000,0.09200000,12.03820000,1584970082220,False,True
344,133865458,130.83000000,2.20922000,289.03225260,1584970082428,False,True
345,133865459,130.83000000,9.64442000,1261.77946860,1584970082428,False,True
346,133865460,130.84000000,2.14835000,281.09011400,1584970082540,False,True
347,133865461,130.82000000,0.15287000,19.99845340,1584970082613,True,True
348,133865462,130.83000000,1.85560000,242.76814800,1584970082672,False,True
349,133865463,130.82000000,0.30000000,39.24600000,1584970082840,True,True
350,133865464,130.82000000,15.02375000,1965.40697500,1584970083133,True,True
351,133865465,130.82000000,0.15288000,19.99976160,1584970083520,True,True
352,133865466,130.82000000,0.29626000,38.75673320,1584970083546,True,True
353,133865467,130.82000000,1.71200000,223.96384000,1584970083715,True,True
354,133865468,130.82000000,82.20942000,10754.63632440,1584970083907,True,True
355,133865469,130.82000000,0.13759000,17.99952380,1584970083907,True,True
356,133865470,130.82000000,0.36333000,47.53083060,1584970084045,True,True
357,133865471,130.81000000,0.11467000,14.99998270,1584970084064,True,True
358,133865472,130.81000000,0.08417000,11.01027770,1584970084064,True,True
359,133865473,130.80000000,30.00000000,3924.00000000,1584970084087,True,True
360,133865474,130.80000000,0.10115000,13.23042000,1584970084087,True,True
361,133865475,130.78000000,1.00000000,130.78000000,1584970084088,True,True
362,133865476,130.77000000,0.15288000,19.99211760,1584970084132,True,True
363,133865477,130.76000000,0.95400000,124.74504000,1584970084407,True,True
364,133865478,130.76000000,1.57200000,205.55472000,1584970084412,True,True
365,133865479,130.76000000,0.15290000,19.99320400,1584970084415,True,True
366,133865480,130.76000000,1.41200000,184.63312000,1584970084448,True,True
367,133865481,130.79000000,0.28769000,37.62697510,1584970084464,False,True
368,133865482,130.76000000,0.08674000,11.34212240,1584970085123,True,True
369,133865483,130.79000000,1.71200000,223.91248000,1584970085340,False,True
370,133865484,130.79000000,0.38599000,50.48363210,1584970085340,False,True
371,133865485,130.79000000,1.32601000,173.42884790,1584970085344,False,True
372,133865486,130.82000000,1.71200000,223.96384000,1584970085460,False,True
373,133865487,130.83000000,4.95878000,648.75718740,1584970085476,False,True
374,133865488,130.83000000,5.73041000,749.70954030,1584970085542,False,True
375,133865489,130.81000000,4.07731000,533.35292110,1584970085563,True,True
376,133865490,130.84000000,3.65400000,478.08936000,1584970085651,False,True
377,133865491,130.82000000,1.29792000,169.79389440,1584970085992,True,True
378,133865492,130.82000000,3.81541000,499.13193620,1584970086176,True,True
379,133865493,130.80000000,2.13203000,278.86952400,1584970086302,True,True
380,133865494,130.80000000,0.15286000,19.99408800,1584970086423,True,True
381,133865495,130.80000000,7.71511000,1009.13638800,1584970086636,True,True
382,133865496,130.80000000,5.37930000,703.61244000,1584970086636,True,True
383,133865497,130.78000000,10.00000000,1307.80000000,1584970086636,True,True
384,133865498,130.76000000,10.00072000,1307.69414720,1584970086636,True,True
385,133865499,130.75000000,2.00641000,262.33810750,1584970086636,True,True
386,133865500,130.75000000,7.85546000,1027.10139500,1584970086636,True,True
387,133865501,130.75000000,2.93054000,383.16810500,1584970086636,True,True
388,133865502,130.75000000,15.67661000,2049.71675750,1584970086636,True,True
389,133865503,130.74000000,2.51489000,328.79671860,1584970086636,True,True
390,133865504,130.72000000,0.46080000,60.23577600,1584970086636,True,True
391,133865505,130.72000000,3.79176000,495.65886720,1584970086636,True,True
392,133865506,130.79000000,2.92817000,382.97535430,1584970086848,False,True
393,133865507,130.73000000,0.30000000,39.21900000,1584970086849,True,True
394,133865508,130.78000000,2.40813000,314.93524140,1584970087008,False,True
395,133865509,130.79000000,17.59187000,2300.84067730,1584970087008,False,True
396,133865510,130.79000000,6.09269000,796.86292510,1584970087029,False,True
397,133865511,130.79000000,4.00000000,523.16000000,1584970087030,False,True
398,133865512,130.76000000,3.37776000,441.67589760,1584970087036,False,True
399,133865513,130.79000000,3.62224000,473.75276960,1584970087036,False,True
400,133865514,130.79000000,12.38726000,1620.12973540,1584970087038,False,True
401,133865515,130.79000000,1.02087000,133.51958730,1584970087059,False,True
402,133865516,130.79000000,1.00000000,130.79000000,1584970087069,False,True
403,133865517,130.79000000,1.35689000,177.46764310,1584970087077,False,True
404,133865518,130.81000000,0.15237000,19.93151970,1584970087241,False,True
405,133865519,130.80000000,2.98465000,390.39222000,1584970087504,False,True
406,133865520,130.82000000,10.00000000,1308.20000000,1584970088186,False,True
407,133865521,130.82000000,0.99999000,130.81869180,1584970088186,False,True
408,133865522,130.82000000,0.15290000,20.00237800,1584970088471,True,True
409,133865523,130.82000000,2.79735000,365.94932700,1584970088648,False,True
410,133865524,130.84000000,2.79735000,366.00527400,1584970088735,False,True
411,133865525,130.86000000,0.30482000,39.88874520,1584970088798,False,True
412,133865526,130.87000000,1.00000000,130.87000000,1584970088828,False,True
413,133865527,130.87000000,2.64625000,346.31473750,1584970088828,False,True
414,133865528,130.87000000,3.35375000,438.90526250,1584970088836,False,True
415,133865529,130.87000000,1.24289000,162.65701430,1584970088836,False,True
416,133865530,130.87000000,1.35911000,177.86672570,1584970088844,False,True
417,133865531,130.89000000,4.17069000,545.90161410,1584970089032,False,True
418,133865532,130.90000000,1.03400000,135.35060000,1584970089071,False,True
419,133865533,130.91000000,2.26841000,296.95755310,1584970089074,False,True
420,133865534,130.91000000,1.99992000,261.80952720,1584970089074,False,True
421,133865535,130.91000000,0.39160000,51.26435600,1584970089080,False,True
422,133865536,130.91000000,5.22601000,684.13696910,1584970089080,False,True
423,133865537,130.92000000,2.29148000,300.00056160,1584970089080,False,True
424,133865538,130.92000000,2.08008000,272.32407360,1584970089080,False,True
425,133865539,130.93000000,0.59577000,78.00416610,1584970089141,False,True
426,133865540,130.93000000,5.95908000,780.22234440,1584970089141,False,True
427,133865541,130.93000000,3.00000000,392.79000000,1584970089174,False,True
428,133865542,130.93000000,5.98332000,783.39608760,1584970089174,False,True
429,133865543,130.94000000,1.29684000,169.80822960,1584970089265,False,True
430,133865544,130.94000000,3.82582000,500.95287080,1584970089314,False,True
431,133865545,130.94000000,1.29684000,169.80822960,1584970089322,False,True
432,133865546,130.96000000,5.00000000,654.80000000,1584970089694,False,True
433,133865547,130.96000000,2.43935000,319.45727600,1584970089698,False,True
434,133865548,130.96000000,2.56065000,335.34272400,1584970089704,False,True
435,133865549,130.95000000,0.53804000,70.45633800,1584970089730,True,True
436,133865550,130.94000000,0.27915000,36.55190100,1584970089758,True,True
437,133865551,130.95000000,5.31219000,695.63128050,1584970090303,True,True
438,133865552,130.96000000,0.18491000,24.21581360,1584970090350,False,True
439,133865553,130.92000000,1.21701000,159.33094920,1584970090483,True,True
440,133865554,130.92000000,0.30000000,39.27600000,1584970090853,True,True
441,133865555,130.92000000,1.52300000,199.39116000,1584970090854,True,True
442,133865556,130.92000000,0.15272000,19.99410240,1584970090887,True,True
443,133865557,130.93000000,2.29110000,299.97372300,1584970091651,False,True
444,133865558,130.93000000,3.25384000,426.02527120,1584970091845,False,True
445,133865559,130.92000000,0.02428000,3.17873760,1584970091992,True,True
446,133865560,130.89000000,0.97572000,127.71199080,1584970091992,True,True
447,133865561,130.89000000,1.36955000,179.26039950,1584970092054,True,True
448,133865562,130.89000000,2.37225000,310.50380250,1584970092184,True,True
449,133865563,130.89000000,2.89248000,378.59670720,1584970092236,True,True
450,133865564,130.90000000,3.95612000,517.85610800,1584970092286,False,True
451,133865565,130.86000000,0.15274000,19.98755640,1584970092372,True,True
452,133865566,130.90000000,1.00000000,130.90000000,1584970092644,False,True
453,133865567,130.87000000,3.60087000,471.24585690,1584970093411,False,True
454,133865568,130.89000000,0.46465000,60.81803850,1584970093702,False,True
455,133865569,130.90000000,7.71212000,1009.51650800,1584970093702,False,True
456,133865570,130.86000000,0.00001000,0.00130860,1584970093749,True,True
457,133865571,130.86000000,2.43549000,318.70822140,1584970093749,True,True
458,133865572,130.90000000,1.28788000,168.58349200,1584970093824,False,True
459,133865573,130.90000000,9.63144000,1260.75549600,1584970093824,False,True
460,133865574,130.92000000,5.18957000,679.41850440,1584970094467,True,True
461,133865575,130.91000000,9.96043000,1303.91989130,1584970094467,True,True
462,133865576,130.92000000,0.74959000,98.13632280,1584970094596,False,True
463,133865577,130.90000000,5.31402000,695.60521800,1584970094636,True,True
464,133865578,130.89000000,2.20231000,288.26035590,1584970094652,True,True
465,133865579,130.86000000,0.15276000,19.99017360,1584970094757,True,True
466,133865580,130.89000000,0.55749000,72.96986610,1584970094800,False,True
467,133865581,130.84000000,0.30000000,39.25200000,1584970094857,True,True
468,133865582,130.83000000,1.21784000,159.33000720,1584970095363,True,True
469,133865583,130.83000000,0.08958000,11.71975140,1584970095373,True,True
470,133865584,130.83000000,0.09106000,11.91337980,1584970095374,True,True
471,133865585,130.82000000,0.09600000,12.55872000,1584970095614,False,True
472,133865586,130.82000000,2.00000000,261.64000000,1584970095688,False,True
473,133865587,130.82000000,0.10000000,13.08200000,1584970095922,False,True
474,133865588,130.80000000,1.50656000,197.05804800,1584970096072,True,True
475,133865589,130.79000000,2.50000000,326.97500000,1584970096116,True,True
476,133865590,130.79000000,0.30453000,39.82947870,1584970096118,True,True
477,133865591,130.79000000,4.68547000,612.81262130,1584970096148,True,True
478,133865592,130.77000000,0.15286000,19.98950220,1584970096166,True,True
479,133865593,130.79000000,0.39077000,51.10880830,1584970096495,False,True
480,133865594,130.73000000,0.78518000,102.64658140,1584970097272,True,True
481,133865595,130.77000000,5.31991000,695.68463070,1584970097305,False,True
482,133865596,130.78000000,4.68009000,612.06217020,1584970097305,False,True
483,133865597,130.73000000,10.00000000,1307.30000000,1584970097773,True,True
484,133865598,130.72000000,0.15292000,19.98970240,1584970097773,True,True
485,133865599,130.72000000,2.32412000,303.80896640,1584970097773,True,True
486,133865600,130.71000000,2.32260000,303.58704600,1584970097814,True,True
487,133865601,130.71000000,0.11666000,15.24862860,1584970097894,False,True
488,133865602,130.70000000,0.15297000,19.99317900,1584970097931,True,True
489,133865603,130.71000000,0.12133000,15.85904430,1584970097994,False,True
490,133865604,130.70000000,0.97474000,127.39851800,1584970098012,True,True
491,133865605,130.70000000,0.99464000,129.99944800,1584970098012,True,True
492,133865606,130.70000000,5.99401000,783.41710700,1584970098012,True,True
493,133865607,130.71000000,10.00000000,1307.10000000,1584970098251,False,True
494,133865608,130.72000000,0.75011000,98.05437920,1584970098616,False,True
495,133865609,130.72000000,19.77285000,2584.70695200,1584970098747,False,True
496,133865610,130.71000000,0.30000000,39.21300000,1584970098871,True,True
497,133865611,130.70000000,0.15296000,19.99187200,1584970100361,True,True
498,133865612,130.71000000,2.96663000,387.76820730,1584970100660,False,True
499,133865613,130.74000000,2.03337000,265.84279380,1584970100660,False,True
