,id,price,qty,quoteQty,time,isBuyerMaker,isBestMatch
0,201329935,381.57000000,5.45800000,2082.60906000,1604418927655,True,True
1,201329936,381.54000000,3.49652000,1334.06224080,1604418927655,True,True
2,201329937,381.47000000,3.58058000,1365.88385260,1604418927655,True,True
3,201329938,381.46000000,1.46490000,558.80075400,1604418927655,True,True
4,201329939,381.51000000,3.51700000,1341.77067000,1604418927852,True,True
5,201329940,381.51000000,1.43800000,548.61138000,1604418927990,True,True
6,201329941,381.51000000,0.07200000,27.46872000,1604418928146,True,True
7,201329942,381.51000000,0.76124000,290.42067240,1604418928248,True,True
8,201329943,381.54000000,0.05000000,19.07700000,1604418928575,True,True
9,201329944,381.57000000,0.03000000,11.44710000,1604418929180,False,True
10,201329945,381.56000000,1.16500000,444.51740000,1604418929988,True,True
11,201329946,381.56000000,4.57767000,1746.65576520,1604418929989,True,True
12,201329947,381.56000000,0.93529000,356.86925240,1604418929989,True,True
13,201329948,381.56000000,4.94539000,1886.96300840,1604418929989,True,True
14,201329949,381.57000000,0.96682000,368.90950740,1604418930630,True,True
15,201329950,381.59000000,0.03167000,12.08495530,1604418930728,False,True
16,201329951,381.64000000,0.28800000,109.91232000,1604418931551,True,True
17,201329952,381.65000000,0.07959000,30.37552350,1604418931662,True,True
18,201329953,381.65000000,1.01242000,386.39009300,1604418931766,True,True
19,201329954,381.64000000,0.11509000,43.92294760,1604418932243,False,True
20,201329955,381.63000000,1.39952000,534.09881760,1604418932718,True,True
21,201329956,381.63000000,0.06824000,26.04243120,1604418933803,True,True
22,201329957,381.57000000,0.06548000,24.98520360,1604418933866,False,True
23,201329958,381.57000000,3.24852000,1239.53777640,1604418933866,False,True
24,201329959,381.56000000,0.52376000,199.84586560,1604418934080,False,True
25,201329960,381.54000000,20.46303000,7807.46446620,1604418934330,False,True
26,201329961,381.54000000,1.72569000,658.41976260,1604418934613,False,True
27,201329962,381.54000000,1.58931000,606.38533740,1604418934613,False,True
28,201329963,381.53000000,6.00000000,2289.18000000,1604418934848,False,True
29,201329964,381.56000000,0.06870000,26.21317200,1604418935051,True,True
30,201329965,381.44000000,5.00000000,1907.20000000,1604418935314,False,True
31,201329966,381.44000000,2.84164000,1083.91516160,1604418935314,False,True
32,201329967,381.44000000,0.10300000,39.28832000,1604418935370,False,True
33,201329968,381.44000000,17.05536000,6505.59651840,1604418935633,False,True
34,201329969,381.46000000,2.96800000,1132.17328000,1604418935826,True,True
35,201329970,381.44000000,2.62107000,999.78094080,1604418936111,False,True
36,201329971,381.44000000,1.54663000,589.94654720,1604418936111,False,True
37,201329972,381.44000000,1.83230000,698.91251200,1604418936111,False,True
38,201329973,381.42000000,0.09400000,35.85348000,1604418936955,False,True
39,201329974,381.42000000,2.69587000,1028.25873540,1604418937065,False,True
40,201329975,381.42000000,5.62158000,2144.18304360,1604418937065,False,True
41,201329976,381.42000000,10.00000000,3814.20000000,1604418937576,False,True
42,201329977,381.42000000,4.98000000,1899.47160000,1604418938748,False,True
43,201329978,381.42000000,0.02000000,7.62840000,1604418938932,False,True
44,201329979,381.42000000,0.01038000,3.95913960,1604418938932,False,True
45,201329980,381.41000000,0.02884000,10.99986440,1604418938982,True,True
46,201329981,381.26000000,0.09217000,35.14073420,1604418939128,False,True
47,201329982,381.30000000,0.05000000,19.06500000,1604418939572,False,True
48,201329983,381.26000000,0.05000000,19.06300000,1604418940294,False,True
49,201329984,381.25000000,0.12000000,45.75000000,1604418940397,False,True
50,201329985,381.25000000,4.88000000,1860.50000000,1604418940514,False,True
51,201329986,381.25000000,14.19139000,5410.46743750,1604418940514,False,True
52,201329987,381.25000000,8.00161000,3050.61381250,1604418940623,False,True
53,201329988,381.25000000,47.09700000,17955.73125000,1604418941245,False,True
54,201329989,381.25000000,3.24175000,1235.91718750,1604418941245,False,True
55,201329990,381.25000000,3.03672000,1157.74950000,1604418941245,False,True
56,201329991,381.30000000,1.34953000,514.57578900,1604418941333,False,True
57,201329992,381.31000000,4.65047000,1773.27071570,1604418941333,False,True
58,201329993,381.31000000,0.29492000,112.45594520,1604418941333,False,True
59,201329994,381.32000000,1.46490000,558.59566800,1604418941333,False,True
60,201329995,381.40000000,0.77718000,296.41645200,1604418941333,False,True
61,201329996,381.40000000,5.00000000,1907.00000000,1604418941335,False,True
62,201329997,381.29000000,5.00000000,1906.45000000,1604418941337,True,True
63,201329998,381.29000000,3.73503000,1424.12958870,1604418941337,True,True
64,201329999,381.29000000,5.00000000,1906.45000000,1604418941337,True,True
65,201330000,381.29000000,2.77344000,1057.48493760,1604418941337,True,True
66,201330001,381.33000000,0.05000000,19.06650000,1604418941373,True,True
67,201330002,381.33000000,0.05000000,19.06650000,1604418941479,True,True
68,201330003,381.46000000,0.39322000,149.99770120,1604418941924,False,True
69,201330004,381.49000000,2.81250000,1072.94062500,1604418941993,False,True
70,201330005,381.49000000,2.18750000,834.50937500,1604418941995,False,True
71,201330006,381.55000000,3.15622000,1204.25574100,1604418942027,False,True
72,201330007,381.55000000,0.46095000,175.87547250,1604418942042,False,True
73,201330008,381.54000000,0.12000000,45.78480000,1604418942042,True,True
74,201330009,381.54000000,0.66778000,254.78478120,1604418942245,True,True
75,201330010,381.54000000,0.48883000,186.50819820,1604418942713,True,True
76,201330011,381.49000000,1.99800000,762.21702000,1604418942922,True,True
77,201330012,381.49000000,0.06500000,24.79685000,1604418943592,True,True
78,201330013,381.57000000,0.10000000,38.15700000,1604418944032,True,True
79,201330014,381.59000000,0.03495000,13.33657050,1604418944195,True,True
80,201330015,381.60000000,3.00000000,1144.80000000,1604418944252,False,True
81,201330016,381.60000000,3.00000000,1144.80000000,1604418944549,False,True
82,201330017,381.60000000,3.00024000,1144.89158400,1604418944638,False,True
83,201330018,381.64000000,0.03265000,12.46054600,1604418944991,True,True
84,201330019,381.64000000,0.10000000,38.16400000,1604418946049,True,True
85,201330020,381.62000000,5.00000000,1908.10000000,1604418946115,False,True
86,201330021,381.62000000,5.00000000,1908.10000000,1604418946223,False,True
87,201330022,381.64000000,0.03132000,11.95296480,1604418947170,False,True
88,201330023,381.53000000,0.72397000,276.21627410,1604418952501,True,True
89,201330024,381.54000000,1.67501000,639.08331540,1604418953919,False,True
90,201330025,381.63000000,0.10000000,38.16300000,1604418954152,True,True
91,201330026,381.68000000,0.02902000,11.07635360,1604418954273,False,True
92,201330027,381.68000000,3.97098000,1515.64364640,1604418954273,False,True
93,201330028,381.68000000,4.00000000,1526.72000000,1604418954276,False,True
94,201330029,381.69000000,2.06900000,789.71661000,1604418954385,True,True
95,201330030,381.69000000,1.00000000,381.69000000,1604418954396,True,True
96,201330031,381.69000000,6.10000000,2328.30900000,1604418954483,True,True
97,201330032,381.69000000,0.12624000,48.18454560,1604418954808,True,True
98,201330033,381.69000000,10.70476000,4085.89984440,1604418954816,True,True
99,201330034,381.69000000,6.87513000,2624.16836970,1604418954816,True,True
100,201330035,381.61000000,0.12611000,48.12483710,1604418954816,True,True
101,201330036,381.70000000,0.03109000,11.86705300,1604418955609,False,True
102,201330037,381.69000000,0.32300000,123.28587000,1604418955609,True,True
103,201330038,381.69000000,0.10000000,38.16900000,1604418956446,True,True
104,201330039,381.69000000,0.04636000,17.69514840,1604418957428,True,True
105,201330040,381.58000000,1.58800000,605.94904000,1604418957802,False,True
106,201330041,381.58000000,0.14300000,54.56594000,1604418957951,False,True
107,201330042,381.58000000,0.29400000,112.18452000,1604418959085,False,True
108,201330043,381.59000000,2.75192000,1050.10515280,1604418959517,True,True
109,201330044,381.58000000,2.00885000,766.53698300,1604418959517,True,True
110,201330045,381.58000000,0.69004000,263.30546320,1604418959517,True,True
111,201330046,381.58000000,2.27794000,869.21634520,1604418959517,True,True
112,201330047,381.57000000,3.53737000,1349.75427090,1604418959517,True,True
113,201330048,381.57000000,6.09149000,2324.32983930,1604418959517,True,True
114,201330049,381.64000000,0.05314000,20.28034960,1604418962395,False,True
115,201330050,381.63000000,0.71634000,273.37683420,1604418962565,True,True
116,201330051,381.68000000,1.36178000,519.76419040,1604418963460,True,True
117,201330052,381.69000000,0.02881000,10.99648890,1604418963520,False,True
118,201330053,381.69000000,0.02881000,10.99648890,1604418963611,False,True
119,201330054,381.69000000,0.23807000,90.86893830,1604418964575,False,True
120,201330055,381.70000000,24.96891000,9530.63294700,1604418964575,False,True
121,201330056,381.70000000,0.04699000,17.93608300,1604418964575,False,True
122,201330057,381.74000000,2.23372000,852.70027280,1604418964591,False,True
123,201330058,381.76000000,1.22057000,465.96480320,1604418964689,True,True
124,201330059,381.78000000,0.27300000,104.22594000,1604418966466,True,True
125,201330060,381.78000000,0.05240000,20.00527200,1604418966798,True,True
126,201330061,381.79000000,0.06548000,24.99960920,1604418967173,False,True
127,201330062,381.78000000,0.10490000,40.04872200,1604418967301,True,True
128,201330063,381.78000000,0.14922000,56.96921160,1604418968398,True,True
129,201330064,381.79000000,12.11300000,4624.62227000,1604418968731,False,True
130,201330065,381.78000000,1.30970000,500.01726600,1604418968732,True,True
131,201330066,381.71000000,0.07100000,27.10141000,1604418970622,False,True
132,201330067,381.71000000,0.03115000,11.89026650,1604418971809,False,True
133,201330068,381.70000000,18.43465000,7036.50590500,1604418972512,True,True
134,201330069,381.70000000,0.78268000,298.74895600,1604418972582,True,True
135,201330070,381.70000000,0.78267000,298.74513900,1604418972583,True,True
136,201330071,381.66000000,0.06570000,25.07506200,1604418972586,True,True
137,201330072,381.64000000,0.82730000,315.73077200,1604418972586,True,True
138,201330073,381.64000000,1.39590000,532.73127600,1604418972615,True,True
139,201330074,381.64000000,4.03540000,1540.07005600,1604418972635,True,True
140,201330075,381.64000000,1.39590000,532.73127600,1604418972656,True,True
141,201330076,381.63000000,3.89999000,1488.35318370,1604418972699,True,True
142,201330077,381.63000000,0.00001000,0.00381630,1604418972700,True,True
143,201330078,381.58000000,1.38729000,529.36211820,1604418973045,True,True
144,201330079,381.58000000,13.00000000,4960.54000000,1604418973353,True,True
145,201330080,381.58000000,0.50605000,193.09855900,1604418973355,True,True
146,201330081,381.58000000,0.06623000,25.27204340,1604418973355,True,True
147,201330082,381.49000000,0.04894000,18.67012060,1604418973604,False,True
148,201330083,381.48000000,0.06286000,23.97983280,1604418973778,False,True
149,201330084,381.47000000,0.06761000,25.79118670,1604418973833,True,True
150,201330085,381.48000000,0.06366000,24.28501680,1604418973872,False,True
151,201330086,381.48000000,4.00000000,1525.92000000,1604418974015,False,True
152,201330087,381.46000000,0.11751000,44.82536460,1604418974516,True,True
153,201330088,381.46000000,0.17044000,65.01604240,1604418974657,True,True
154,201330089,381.46000000,0.11751000,44.82536460,1604418974675,True,True
155,201330090,381.40000000,3.07643000,1173.35040200,1604418974738,False,True
156,201330091,381.39000000,3.90000000,1487.42100000,1604418978346,True,True
157,201330092,381.29000000,0.12500000,47.66125000,1604418978434,False,True
158,201330093,381.29000000,0.10000000,38.12900000,1604418978552,False,True
159,201330094,381.28000000,1.00000000,381.28000000,1604418978872,True,True
160,201330095,381.28000000,1.61965000,617.54015200,1604418978872,True,True
161,201330096,381.29000000,0.10300000,39.27287000,1604418978891,False,True
162,201330097,381.29000000,4.00000000,1525.16000000,1604418978906,False,True
163,201330098,381.28000000,1.38035000,526.29984800,1604418978923,True,True
164,201330099,381.28000000,0.81065000,309.08463200,1604418978923,True,True
165,201330100,381.29000000,1.69718000,647.11776220,1604418980053,True,True
166,201330101,381.29000000,1.36678000,521.13954620,1604418980053,True,True
167,201330102,381.29000000,0.25085000,95.64659650,1604418980053,True,True
168,201330103,381.28000000,0.03084000,11.75867520,1604418980075,False,True
169,201330104,381.24000000,10.00000000,3812.40000000,1604418980154,False,True
170,201330105,381.28000000,10.30143000,3927.72923040,1604418980351,False,True
171,201330106,381.28000000,0.05409000,20.62343520,1604418980449,False,True
172,201330107,381.28000000,0.65037000,247.97307360,1604418980550,False,True
173,201330108,381.28000000,0.65032000,247.95400960,1604418980675,False,True
174,201330109,381.27000000,3.41110000,1300.55009700,1604418981515,True,True
175,201330110,381.26000000,2.58890000,987.04401400,1604418981515,True,True
176,201330111,381.27000000,6.58514000,2510.71632780,1604418982635,False,True
177,201330112,381.28000000,44.29588000,16889.13312640,1604418982654,False,True
178,201330113,381.28000000,5.52080000,2104.97062400,1604418982654,False,True
179,201330114,381.28000000,2.65294000,1011.51296320,1604418982664,False,True
180,201330115,381.28000000,2.59769000,990.44724320,1604418982679,False,True
181,201330116,381.40000000,0.65408000,249.46611200,1604418983163,False,True
182,201330117,381.39000000,0.32300000,123.18897000,1604418983209,True,True
183,201330118,381.39000000,2.12000000,808.54680000,1604418984058,True,True
184,201330119,381.40000000,0.27303000,104.13364200,1604418984449,False,True
185,201330120,381.39000000,0.12100000,46.14819000,1604418984572,True,True
186,201330121,381.39000000,0.66217000,252.54501630,1604418984732,False,True
187,201330122,381.39000000,0.82193000,313.47588270,1604418985825,True,True
188,201330123,381.39000000,0.41613000,158.70782070,1604418987037,True,True
189,201330124,381.40000000,2.53185000,965.64759000,1604418987108,False,True
190,201330125,381.40000000,0.82192000,313.48028800,1604418987108,False,True
191,201330126,381.40000000,0.10519000,40.11946600,1604418987129,False,True
192,201330127,381.40000000,0.38445000,146.62923000,1604418987131,False,True
193,201330128,381.40000000,2.96932000,1132.49864800,1604418987163,False,True
194,201330129,381.40000000,3.45896000,1319.24734400,1604418987172,False,True
195,201330130,381.40000000,0.48964000,186.74869600,1604418987173,False,True
196,201330131,381.40000000,1.31156000,500.22898400,1604418987176,False,True
197,201330132,381.40000000,1.65776000,632.26966400,1604418987178,False,True
198,201330133,381.40000000,3.34224000,1274.73033600,1604418987178,False,True
199,201330134,381.40000000,0.11672000,44.51700800,1604418987180,False,True
200,201330135,381.40000000,2.53623000,967.31812200,1604418987180,False,True
201,201330136,381.40000000,0.92273000,351.92922200,1604418987182,False,True
202,201330137,381.40000000,2.37887000,907.30101800,1604418987182,False,True
203,201330138,381.40000000,0.40000000,152.56000000,1604418987190,False,True
204,201330139,381.40000000,0.68009000,259.38632600,1604418987191,False,True
205,201330140,381.40000000,0.14183000,54.09396200,1604418987191,False,True
206,201330141,381.40000000,0.11672000,44.51700800,1604418987194,False,True
207,201330142,381.40000000,0.92273000,351.92922200,1604418987195,False,True
208,201330143,381.40000000,2.27768000,868.70715200,1604418987195,False,True
209,201330144,381.40000000,2.72232000,1038.29284800,1604418987195,False,True
210,201330145,381.40000000,0.73664000,280.95449600,1604418987198,False,True
211,201330146,381.40000000,1.16537000,444.47211800,1604418987198,False,True
212,201330147,381.40000000,0.64649000,246.57128600,1604418987200,False,True
213,201330148,381.42000000,0.82192000,313.49672640,1604418987200,False,True
214,201330149,381.46000000,3.90000000,1487.69400000,1604418987224,False,True
215,201330150,381.52000000,0.15200000,57.99104000,1604418987330,True,True
216,201330151,381.56000000,0.10000000,38.15600000,1604418987727,True,True
217,201330152,381.57000000,0.65957000,251.67212490,1604418987835,True,True
218,201330153,381.58000000,0.03151000,12.02358580,1604418988281,False,True
219,201330154,381.58000000,13.09332000,4996.14904560,1604418988748,True,True
220,201330155,381.58000000,0.23454000,89.49577320,1604418989687,False,True
221,201330156,381.57000000,0.59978000,228.85805460,1604418989844,True,True
222,201330157,381.57000000,0.32300000,123.24711000,1604418991712,True,True
223,201330158,381.57000000,0.32300000,123.24711000,1604418992019,True,True
224,201330159,381.57000000,0.07500000,28.61775000,1604418992123,True,True
225,201330160,381.57000000,0.50470000,192.57837900,1604418992183,True,True
226,201330161,381.57000000,3.51400000,1340.83698000,1604418992223,True,True
227,201330162,381.41000000,0.64600000,246.39086000,1604418992798,False,True
228,201330163,381.44000000,0.53900000,205.59616000,1604418993590,False,True
229,201330164,381.46000000,3.71345000,1416.53263700,1604418995018,True,True
230,201330165,381.46000000,0.02945000,11.23399700,1604418996488,False,True
231,201330166,381.50000000,0.22975000,87.64962500,1604418998905,False,True
232,201330167,381.46000000,10.00000000,3814.60000000,1604418999651,False,True
233,201330168,381.47000000,0.07100000,27.08437000,1604418999765,False,True
234,201330169,381.45000000,1.09912000,419.25932400,1604419002849,True,True
235,201330170,381.45000000,2.40088000,915.81567600,1604419002849,True,True
236,201330171,381.42000000,0.05400000,20.59668000,1604419003271,True,True
237,201330172,381.41000000,6.31226000,2407.55908660,1604419003359,False,True
238,201330173,381.41000000,0.03000000,11.44230000,1604419004229,False,True
239,201330174,381.41000000,0.02918000,11.12954380,1604419004719,False,True
240,201330175,381.40000000,0.05497000,20.96555800,1604419005467,True,True
241,201330176,381.40000000,3.59706000,1371.91868400,1604419005467,True,True
242,201330177,381.37000000,0.14499000,55.29483630,1604419005467,True,True
243,201330178,381.36000000,0.42158000,160.77374880,1604419005467,True,True
244,201330179,381.37000000,5.00000000,1906.85000000,1604419005578,False,True
245,201330180,381.37000000,2.63900000,1006.43543000,1604419005578,False,True
246,201330181,381.27000000,0.21998000,83.87177460,1604419006524,False,True
247,201330182,381.27000000,0.10300000,39.27081000,1604419006712,False,True
248,201330183,381.27000000,0.10300000,39.27081000,1604419006806,False,True
249,201330184,381.27000000,5.00000000,1906.35000000,1604419007010,False,True
250,201330185,381.27000000,1.77040000,675.00040800,1604419007010,False,True
251,201330186,381.27000000,5.00000000,1906.35000000,1604419008097,False,True
252,201330187,381.27000000,5.50291000,2098.09449570,1604419008097,False,True
253,201330188,381.17000000,0.38445000,146.54080650,1604419008250,True,True
254,201330189,381.17000000,0.92548000,352.76521160,1604419008250,True,True
255,201330190,381.11000000,1.34700000,513.35517000,1604419008456,True,True
256,201330191,381.17000000,3.15912000,1204.16177040,1604419008505,False,True
257,201330192,381.17000000,3.18122000,1212.58562740,1604419008505,False,True
258,201330193,381.17000000,1.34927000,514.30124590,1604419008505,False,True
259,201330194,381.17000000,2.61622000,997.22457740,1604419008505,False,True
260,201330195,381.18000000,18.60185000,7090.65318300,1604419008505,False,True
261,201330196,381.18000000,29.79912000,11358.82856160,1604419008566,False,True
262,201330197,381.22000000,0.04150000,15.82063000,1604419008800,False,True
263,201330198,381.19000000,1.34700000,513.46293000,1604419009138,True,True
264,201330199,381.23000000,0.02622000,9.99585060,1604419009611,False,True
265,201330200,381.22000000,0.65900000,251.22398000,1604419009712,True,True
266,201330201,381.15000000,8.92000000,3399.85800000,1604419010259,True,True
267,201330202,381.14000000,19.50005000,7432.24905700,1604419010259,True,True
268,201330203,381.11000000,7.57300000,2886.14603000,1604419010259,True,True
269,201330204,381.11000000,9.99999000,3811.09618890,1604419010259,True,True
270,201330205,381.09000000,2.40696000,917.26838640,1604419010259,True,True
271,201330206,381.18000000,2.62300000,999.83514000,1604419010737,True,True
272,201330207,381.18000000,0.05000000,19.05900000,1604419010828,True,True
273,201330208,381.23000000,0.59484000,226.77085320,1604419011193,False,True
274,201330209,381.23000000,3.90000000,1486.79700000,1604419011436,False,True
275,201330210,381.30000000,3.15221000,1201.93767300,1604419012063,True,True
276,201330211,381.29000000,6.00000000,2287.74000000,1604419012063,True,True
277,201330212,381.29000000,7.22179000,2753.59630910,1604419012063,True,True
278,201330213,381.35000000,3.93434000,1500.36055900,1604419012201,False,True
279,201330214,381.38000000,0.02898000,11.05239240,1604419012909,False,True
280,201330215,381.33000000,4.03910000,1540.23000300,1604419013129,True,True
281,201330216,381.32000000,4.41846000,1684.84716720,1604419013129,True,True
282,201330217,381.30000000,0.09447000,36.02141100,1604419013553,True,True
283,201330218,381.30000000,0.09447000,36.02141100,1604419013553,True,True
284,201330219,381.30000000,0.09447000,36.02141100,1604419013553,True,True
285,201330220,381.30000000,0.09447000,36.02141100,1604419013554,True,True
286,201330221,381.30000000,0.09447000,36.02141100,1604419013554,True,True
287,201330222,381.30000000,0.09447000,36.02141100,1604419013554,True,True
288,201330223,381.30000000,0.09447000,36.02141100,1604419013554,True,True
289,201330224,381.30000000,0.09447000,36.02141100,1604419013555,True,True
290,201330225,381.30000000,0.09447000,36.02141100,1604419013555,True,True
291,201330226,381.30000000,0.09447000,36.02141100,1604419013555,True,True
292,201330227,381.30000000,0.09447000,36.02141100,1604419013555,True,True
293,201330228,381.30000000,0.09447000,36.02141100,1604419013556,True,True
294,201330229,381.30000000,0.09447000,36.02141100,1604419013556,True,True
295,201330230,381.30000000,0.07576000,28.88728800,1604419013556,True,True
296,201330231,381.29000000,0.01871000,7.13393590,1604419013556,True,True
297,201330232,381.29000000,0.09447000,36.02046630,1604419013556,True,True
298,201330233,381.29000000,0.09447000,36.02046630,1604419013557,True,True
299,201330234,381.29000000,0.09447000,36.02046630,1604419013557,True,True
300,201330235,381.29000000,0.09447000,36.02046630,1604419013558,True,True
301,201330236,381.29000000,0.09447000,36.02046630,1604419013558,True,True
302,201330237,381.29000000,0.09447000,36.02046630,1604419013558,True,True
303,201330238,381.29000000,0.09447000,36.02046630,1604419013558,True,True
304,201330239,381.29000000,0.09447000,36.02046630,1604419013558,True,True
305,201330240,381.29000000,0.00373000,1.42221170,1604419013558,True,True
306,201330241,381.28000000,0.09074000,34.59734720,1604419013558,True,True
307,201330242,381.28000000,0.09447000,36.01952160,1604419013558,True,True
308,201330243,381.28000000,0.09447000,36.01952160,1604419013558,True,True
309,201330244,381.28000000,0.09447000,36.01952160,1604419013559,True,True
310,201330245,381.28000000,0.09447000,36.01952160,1604419013559,True,True
311,201330246,381.28000000,0.09447000,36.01952160,1604419013560,True,True
312,201330247,381.28000000,0.09447000,36.01952160,1604419013560,True,True
313,201330248,381.28000000,0.09447000,36.01952160,1604419013560,True,True
314,201330249,381.28000000,0.09447000,36.01952160,1604419013560,True,True
315,201330250,381.28000000,0.09447000,36.01952160,1604419013560,True,True
316,201330251,381.28000000,0.09447000,36.01952160,1604419013560,True,True
317,201330252,381.28000000,0.09447000,36.01952160,1604419013560,True,True
318,201330253,381.28000000,0.09447000,36.01952160,1604419013560,True,True
319,201330254,381.28000000,0.09447000,36.01952160,1604419013560,True,True
320,201330255,381.28000000,0.09447000,36.01952160,1604419013560,True,True
321,201330256,381.28000000,0.09447000,36.01952160,1604419013561,True,True
322,201330257,381.28000000,0.09447000,36.01952160,1604419013561,True,True
323,201330258,381.28000000,0.09447000,36.01952160,1604419013561,True,True
324,201330259,381.28000000,0.09447000,36.01952160,1604419013561,True,True
325,201330260,381.28000000,0.09447000,36.01952160,1604419013562,True,True
326,201330261,381.28000000,0.09447000,36.01952160,1604419013563,True,True
327,201330262,381.28000000,0.09447000,36.01952160,1604419013566,True,True
328,201330263,381.24000000,0.09447000,36.01574280,1604419013571,True,True
329,201330264,381.18000000,0.10000000,38.11800000,1604419013894,False,True
330,201330265,381.14000000,0.53652000,204.48923280,1604419014078,True,True
331,201330266,381.18000000,0.10300000,39.26154000,1604419014096,False,True
332,201330267,381.15000000,0.72903000,277.86978450,1604419014119,False,True
333,201330268,381.15000000,0.36441000,138.89487150,1604419014193,False,True
334,201330269,381.15000000,3.90656000,1488.98534400,1604419014196,False,True
335,201330270,381.17000000,3.94202000,1502.57976340,1604419015246,True,True
336,201330271,381.16000000,0.28432000,108.37141120,1604419015246,True,True
337,201330272,381.17000000,5.00000000,1905.85000000,1604419015650,False,True
338,201330273,381.18000000,0.09898000,37.72919640,1604419016039,False,True
339,201330274,381.18000000,4.00000000,1524.72000000,1604419016114,False,True
340,201330275,381.18000000,0.90102000,343.45080360,1604419016115,False,True
341,201330276,381.24000000,3.09898000,1181.45513520,1604419016115,False,True
342,201330277,381.15000000,0.67367000,256.76932050,1604419017640,False,True
343,201330278,381.17000000,3.20530000,1221.76420100,1604419018382,False,True
344,201330279,381.17000000,3.73072000,1422.03854240,1604419018382,False,True
345,201330280,381.16000000,0.03000000,11.43480000,1604419020287,False,True
346,201330281,381.16000000,0.00351000,1.33787160,1604419020810,False,True
347,201330282,381.20000000,0.33449000,127.50758800,1604419020810,False,True
348,201330283,381.15000000,2.16881000,826.64193150,1604419020954,True,True
349,201330284,381.15000000,1.46755000,559.35668250,1604419020954,True,True
350,201330285,381.14000000,0.93702000,357.13580280,1604419021124,False,True
351,201330286,381.14000000,0.03035000,11.56759900,1604419021136,False,True
352,201330287,381.14000000,0.52438000,199.86219320,1604419021887,False,True
353,201330288,381.13000000,0.05000000,19.05650000,1604419022085,False,True
354,201330289,381.13000000,0.10300000,39.25639000,1604419022182,False,True
355,201330290,381.13000000,0.05384000,20.52003920,1604419022773,False,True
356,201330291,381.10000000,0.18300000,69.74130000,1604419023215,False,True
357,201330292,381.10000000,0.03084000,11.75312400,1604419023260,False,True
358,201330293,381.09000000,0.20000000,76.21800000,1604419025071,False,True
359,201330294,381.09000000,0.18981000,72.33469290,1604419025426,False,True
360,201330295,381.09000000,2.37162000,903.80066580,1604419026104,False,True
361,201330296,381.09000000,0.67946000,258.93541140,1604419026104,False,True
362,201330297,381.09000000,0.70205000,267.54423450,1604419026104,False,True
363,201330298,381.09000000,3.42248000,1304.27290320,1604419026104,False,True
364,201330299,381.09000000,0.14394000,54.85409460,1604419026104,False,True
365,201330300,381.10000000,2.43609000,928.39389900,1604419026104,False,True
366,201330301,381.12000000,0.15720000,59.91206400,1604419026223,False,True
367,201330302,381.11000000,0.40000000,152.44400000,1604419026226,True,True
368,201330303,381.15000000,0.38445000,146.53311750,1604419026277,False,True
369,201330304,381.16000000,0.12299000,46.87886840,1604419026330,True,True
370,201330305,381.16000000,0.20790000,79.24316400,1604419026330,True,True
371,201330306,381.16000000,2.65295000,1011.19842200,1604419026330,True,True
372,201330307,381.16000000,1.27016000,484.13418560,1604419026330,True,True
373,201330308,381.16000000,3.72984000,1421.66581440,1604419026461,True,True
374,201330309,381.16000000,5.00000000,1905.80000000,1604419026461,True,True
375,201330310,381.16000000,1.27016000,484.13418560,1604419026461,True,True
376,201330311,381.17000000,0.03091000,11.78196470,1604419029350,False,True
377,201330312,381.17000000,0.04879000,18.59728430,1604419030012,False,True
378,201330313,381.17000000,1.76743000,673.69129310,1604419030012,False,True
379,201330314,381.19000000,0.89652000,341.74445880,1604419030692,False,True
380,201330315,381.19000000,0.12299000,46.88255810,1604419031577,True,True
381,201330316,381.25000000,0.04518000,17.22487500,1604419032881,False,True
382,201330317,381.24000000,0.11397000,43.44992280,1604419032996,True,True
383,201330318,381.31000000,0.65236000,248.75139160,1604419033312,True,True
384,201330319,381.41000000,6.16431000,2351.12947710,1604419034568,True,True
385,201330320,381.41000000,0.11751000,44.81948910,1604419034655,True,True
386,201330321,381.36000000,1.33616000,509.55797760,1604419034700,True,True
387,201330322,381.37000000,5.00000000,1906.85000000,1604419034774,False,True
388,201330323,381.37000000,1.00000000,381.37000000,1604419034774,False,True
389,201330324,381.41000000,0.05486000,20.92415260,1604419036036,True,True
390,201330325,381.43000000,0.10000000,38.14300000,1604419036409,True,True
391,201330326,381.47000000,0.24659000,94.06668730,1604419037105,False,True
392,201330327,381.50000000,0.14236000,54.31034000,1604419037105,False,True
393,201330328,381.50000000,0.81079000,309.31638500,1604419037105,False,True
394,201330329,381.49000000,0.18500000,70.57565000,1604419037392,True,True
395,201330330,381.50000000,0.03037000,11.58615500,1604419037596,False,True
396,201330331,381.47000000,0.40470000,154.38090900,1604419037994,False,True
397,201330332,381.41000000,0.33200000,126.62812000,1604419039135,False,True
398,201330333,381.41000000,0.36400000,138.83324000,1604419039384,False,True
399,201330334,381.41000000,0.10400000,39.66664000,1604419039573,False,True
400,201330335,381.41000000,0.32300000,123.19543000,1604419039781,False,True
401,201330336,381.41000000,0.11250000,42.90862500,1604419039933,False,True
402,201330337,381.41000000,0.39500000,150.65695000,1604419040066,False,True
403,201330338,381.41000000,0.14300000,54.54163000,1604419040243,False,True
404,201330339,381.40000000,0.14787000,56.39761800,1604419040612,True,True
405,201330340,381.40000000,0.15986000,60.97060400,1604419040726,True,True
406,201330341,381.41000000,28.29718000,10792.82742380,1604419040797,False,True
407,201330342,381.41000000,1.54659000,589.88489190,1604419042974,False,True
408,201330343,381.41000000,0.29696000,113.26351360,1604419044042,False,True
409,201330344,381.41000000,0.03200000,12.20512000,1604419044089,False,True
410,201330345,381.41000000,0.03047000,11.62156270,1604419045921,False,True
411,201330346,381.41000000,0.03000000,11.44230000,1604419046495,False,True
412,201330347,381.40000000,0.18607000,70.96709800,1604419047399,True,True
413,201330348,381.40000000,0.19497000,74.36155800,1604419047399,True,True
414,201330349,381.33000000,0.22184000,84.59424720,1604419047399,True,True
415,201330350,381.30000000,4.45505000,1698.71056500,1604419047399,True,True
416,201330351,381.30000000,2.94207000,1121.81129100,1604419047399,True,True
417,201330352,381.29000000,0.64600000,246.31334000,1604419047617,False,True
418,201330353,381.29000000,0.10700000,40.79803000,1604419047715,False,True
419,201330354,381.28000000,0.22560000,86.01676800,1604419047958,False,True
420,201330355,381.33000000,2.65295000,1011.64942350,1604419049467,False,True
421,201330356,381.35000000,0.20000000,76.27000000,1604419049539,True,True
422,201330357,381.40000000,0.26006000,99.18688400,1604419049817,False,True
423,201330358,381.40000000,0.08540000,32.57156000,1604419049817,False,True
424,201330359,381.41000000,9.36644000,3572.45388040,1604419049852,False,True
425,201330360,381.41000000,29.14686000,11116.90387260,1604419049860,False,True
426,201330361,381.41000000,0.28399000,108.31662590,1604419049860,False,True
427,201330362,381.41000000,3.43264000,1309.24322240,1604419049860,False,True
428,201330363,381.41000000,0.24374000,92.96487340,1604419049860,False,True
429,201330364,381.41000000,0.14501000,55.30826410,1604419049860,False,True
430,201330365,381.41000000,3.43264000,1309.24322240,1604419049867,False,True
431,201330366,381.41000000,3.43264000,1309.24322240,1604419049867,False,True
432,201330367,381.41000000,3.43264000,1309.24322240,1604419049867,False,True
433,201330368,381.41000000,3.43264000,1309.24322240,1604419049867,False,True
434,201330369,381.41000000,3.43264000,1309.24322240,1604419049867,False,True
435,201330370,381.41000000,3.43264000,1309.24322240,1604419049867,False,True
436,201330371,381.41000000,3.43264000,1309.24322240,1604419049867,False,True
437,201330372,381.41000000,3.43264000,1309.24322240,1604419049867,False,True
438,201330373,381.41000000,1.79810000,685.81332100,1604419049867,False,True
439,201330374,381.42000000,3.00000000,1144.26000000,1604419053129,False,True
440,201330375,381.42000000,0.02919000,11.13364980,1604419054125,False,True
441,201330376,381.46000000,0.17902000,68.28896920,1604419055417,False,True
442,201330377,381.46000000,2.40610000,917.83090600,1604419055417,False,True
443,201330378,381.46000000,2.24266000,855.48508360,1604419055417,False,True
444,201330379,381.46000000,0.17222000,65.69504120,1604419055417,False,True
445,201330380,381.47000000,0.10000000,38.14700000,1604419055602,True,True
446,201330381,381.47000000,0.70000000,267.02900000,1604419055789,True,True
447,201330382,381.43000000,0.23195000,88.47268850,1604419057648,True,True
448,201330383,381.41000000,0.07865000,29.99789650,1604419057648,True,True
449,201330384,381.41000000,0.06100000,23.26601000,1604419058827,False,True
450,201330385,381.41000000,0.62800000,239.52548000,1604419058932,False,True
451,201330386,381.40000000,0.05731000,21.85803400,1604419059803,True,True
452,201330387,381.41000000,0.00040000,0.15256400,1604419059869,False,True
453,201330388,381.41000000,4.28560000,1634.57069600,1604419059869,False,True
454,201330389,381.41000000,1.69371000,645.99793110,1604419060025,False,True
455,201330390,381.41000000,3.70029000,1411.32760890,1604419060025,False,True
456,201330391,381.44000000,3.36892000,1285.04084480,1604419060298,False,True
457,201330392,381.44000000,1.43508000,547.39691520,1604419060298,False,True
458,201330393,381.46000000,0.03098000,11.81763080,1604419060331,False,True
459,201330394,381.45000000,0.28835000,109.99110750,1604419060710,True,True
460,201330395,381.49000000,0.25000000,95.37250000,1604419061673,True,True
461,201330396,381.49000000,0.61486000,234.56294140,1604419061786,True,True
462,201330397,381.50000000,1.64341000,626.96091500,1604419063975,False,True
463,201330398,381.50000000,2.30900000,880.88350000,1604419064077,False,True
464,201330399,381.50000000,1.04800000,399.81200000,1604419064162,False,True
465,201330400,381.49000000,5.51356000,2103.36800440,1604419065701,True,True
466,201330401,381.49000000,2.48644000,948.55199560,1604419065701,True,True
467,201330402,381.50000000,0.00034000,0.12971000,1604419065752,False,True
468,201330403,381.50000000,0.39466000,150.56279000,1604419065752,False,True
469,201330404,381.46000000,3.30813000,1261.91926980,1604419066129,True,True
470,201330405,381.46000000,0.13465000,51.36358900,1604419066129,True,True
471,201330406,381.46000000,7.44360000,2839.43565600,1604419066129,True,True
472,201330407,381.45000000,4.03180000,1537.93011000,1604419066129,True,True
473,201330408,381.37000000,0.46700000,178.09979000,1604419066317,False,True
474,201330409,381.37000000,2.44000000,930.54280000,1604419066783,False,True
475,201330410,381.37000000,0.20859000,79.54996830,1604419066890,False,True
476,201330411,381.37000000,0.58000000,221.19460000,1604419066988,False,True
477,201330412,381.37000000,1.39300000,531.24841000,1604419068071,False,True
478,201330413,381.37000000,0.32400000,123.56388000,1604419068172,False,True
479,201330414,381.41000000,0.02991000,11.40797310,1604419068544,False,True
480,201330415,381.42000000,0.05529000,21.08871180,1604419070475,False,True
481,201330416,381.44000000,1.01533000,387.28747520,1604419071785,True,True
482,201330417,381.44000000,0.75700000,288.75008000,1604419071903,True,True
483,201330418,381.45000000,0.42700000,162.87915000,1604419072078,False,True
484,201330419,381.46000000,0.49441000,188.59763860,1604419072242,True,True
485,201330420,381.48000000,0.63784000,243.32320320,1604419076713,False,True
486,201330421,381.48000000,0.03072000,11.71906560,1604419076752,False,True
487,201330422,381.48000000,0.03068000,11.70380640,1604419077168,True,True
488,201330423,381.46000000,0.63784000,243.31044640,1604419078269,True,True
489,201330424,381.46000000,0.17096000,65.21440160,1604419078269,True,True
490,201330425,381.43000000,0.63785000,243.29512550,1604419078600,False,True
491,201330426,381.45000000,0.04139000,15.78821550,1604419082275,False,True
492,201330427,381.44000000,0.09393000,35.82865920,1604419082883,True,True
493,201330428,381.45000000,0.74785000,285.26738250,1604419082886,False,True
494,201330429,381.47000000,0.86300000,329.20861000,1604419083003,True,True
495,201330430,381.52000000,3.83900000,1464.65528000,1604419083709,True,True
496,201330431,381.53000000,0.10000000,38.15300000,1604419083915,True,True
497,201330432,381.53000000,1.63804000,624.96140120,1604419083917,True,True
498,201330433,381.54000000,0.29500000,112.55430000,1604419084553,True,True
499,201330434,381.55000000,0.02901000,11.06876550,1604419085030,False,True
