,id,price,qty,quoteQty,time,isBuyerMaker,isBestMatch
0,135960119,131.11000000,1.82829000,239.70710190,1585629928173,False,True
1,135960120,131.11000000,3.11900000,408.93209000,1585629928209,False,True
2,135960121,131.14000000,6.09431000,799.20781340,1585629928469,False,True
3,135960122,131.12000000,0.22696000,29.75899520,1585629928708,True,True
4,135960123,131.13000000,1.34381000,176.21380530,1585629929563,True,True
5,135960124,131.14000000,0.08671000,11.37114940,1585629929773,False,True
6,135960125,131.14000000,3.81112000,499.79027680,1585629930209,True,True
7,135960126,131.12000000,34.19112000,4483.13965440,1585629930209,True,True
8,135960127,131.13000000,0.21719000,28.48012470,1585629930586,False,True
9,135960128,131.13000000,0.26341000,34.54095330,1585629930586,False,True
10,135960129,131.11000000,19.42036000,2546.20339960,1585629932727,True,True
11,135960130,131.10000000,11.43849000,1499.58603900,1585629932727,True,True
12,135960131,131.09000000,7.14883000,937.14012470,1585629932727,True,True
13,135960132,131.11000000,2.81300000,368.81243000,1585629932938,False,True
14,135960133,131.11000000,2.52413000,330.93868430,1585629934012,False,True
15,135960134,131.12000000,27.98693000,3669.64626160,1585629934012,False,True
16,135960135,131.12000000,0.15253000,19.99973360,1585629934013,False,True
17,135960136,131.13000000,2.52413000,330.98916690,1585629934044,False,True
18,135960137,131.13000000,0.61045000,80.04830850,1585629934045,False,True
19,135960138,131.14000000,13.73041000,1800.60596740,1585629934045,False,True
20,135960139,131.14000000,0.08385000,10.99608900,1585629934119,False,True
21,135960140,131.14000000,0.15256000,20.00671840,1585629934201,False,True
22,135960141,131.15000000,8.00000000,1049.20000000,1585629934349,False,True
23,135960142,131.13000000,4.98687000,653.92826310,1585629935249,True,True
24,135960143,131.11000000,4.98744000,653.90325840,1585629935249,True,True
25,135960144,131.11000000,0.08336000,10.92932960,1585629935249,True,True
26,135960145,131.10000000,27.94942000,3664.16896200,1585629935249,True,True
27,135960146,131.11000000,0.15256000,20.00214160,1585629936789,False,True
28,135960147,131.14000000,0.20000000,26.22800000,1585629937445,False,True
29,135960148,131.15000000,1.02030000,133.81234500,1585629937445,False,True
30,135960149,131.10000000,3.54097000,464.22116700,1585629937767,True,True
31,135960150,131.10000000,3.05122000,400.01494200,1585629937767,True,True
32,135960151,131.10000000,31.41642000,4118.69266200,1585629937767,True,True
33,135960152,131.10000000,0.07817000,10.24808700,1585629938349,True,True
34,135960153,131.13000000,0.76125000,99.82271250,1585629938589,False,True
35,135960154,131.14000000,0.76139000,99.84868460,1585629938666,False,True
36,135960155,131.15000000,8.00000000,1049.20000000,1585629939983,False,True
37,135960156,131.15000000,0.09042000,11.85858300,1585629940003,False,True
38,135960157,131.11000000,0.28305000,37.11068550,1585629940258,True,True
39,135960158,131.11000000,9.71695000,1273.98931450,1585629940285,True,True
40,135960159,131.11000000,0.39175000,51.36234250,1585629940285,True,True
41,135960160,131.10000000,3.73711000,489.93512100,1585629940285,True,True
42,135960161,131.10000000,4.89552000,641.80267200,1585629940285,True,True
43,135960162,131.09000000,19.26798000,2525.83949820,1585629940285,True,True
44,135960163,131.14000000,2.10400000,275.91856000,1585629940805,False,True
45,135960164,131.15000000,0.88928000,116.62907200,1585629941439,False,True
46,135960165,131.15000000,3.81036000,499.72871400,1585629941439,False,True
47,135960166,131.16000000,0.30036000,39.39521760,1585629941439,False,True
48,135960167,131.11000000,9.77007000,1280.95387770,1585629942804,True,True
49,135960168,131.10000000,3.81546000,500.20680600,1585629942804,True,True
50,135960169,131.10000000,0.14000000,18.35400000,1585629942804,True,True
51,135960170,131.09000000,24.28419000,3183.41446710,1585629942804,True,True
52,135960171,131.14000000,2.86128000,375.22825920,1585629944435,False,True
53,135960172,131.11000000,3.81556000,500.25807160,1585629945327,True,True
54,135960173,131.10000000,20.00000000,2622.00000000,1585629945327,True,True
55,135960174,131.10000000,0.14000000,18.35400000,1585629945327,True,True
56,135960175,131.09000000,10.09412000,1323.23819080,1585629945327,True,True
57,135960176,131.09000000,3.81243000,499.77144870,1585629945327,True,True
58,135960177,131.08000000,0.14730000,19.30808400,1585629945327,True,True
59,135960178,131.14000000,0.15200000,19.93328000,1585629945440,False,True
60,135960179,131.11000000,0.92940000,121.85363400,1585629946955,True,True
61,135960180,131.11000000,3.71640000,487.25720400,1585629947057,True,True
62,135960181,131.11000000,0.41000000,53.75510000,1585629947057,True,True
63,135960182,131.11000000,1.43515000,188.16251650,1585629947057,True,True
64,135960183,131.11000000,5.93233000,777.78778630,1585629947151,True,True
65,135960184,131.11000000,5.19342000,680.90929620,1585629947266,True,True
66,135960185,131.14000000,0.00052000,0.06819280,1585629947329,False,True
67,135960186,131.16000000,1.21938000,159.93388080,1585629947329,False,True
68,135960187,131.11000000,2.27427000,298.17953970,1585629947365,True,True
69,135960188,131.14000000,2.44500000,320.63730000,1585629947665,False,True
70,135960189,131.15000000,8.86300000,1162.38245000,1585629947755,False,True
71,135960190,131.14000000,0.15500000,20.32670000,1585629947818,False,True
72,135960191,131.16000000,3.81075000,499.81797000,1585629947818,False,True
73,135960192,131.17000000,1.03425000,135.66257250,1585629947818,False,True
74,135960193,131.12000000,10.00000000,1311.20000000,1585629947851,True,True
75,135960194,131.10000000,11.43751000,1499.45756100,1585629947851,True,True
76,135960195,131.10000000,3.81257000,499.82792700,1585629947851,True,True
77,135960196,131.09000000,0.15249000,19.98991410,1585629947851,True,True
78,135960197,131.09000000,10.18300000,1334.88947000,1585629947851,True,True
79,135960198,131.08000000,2.42268000,317.56489440,1585629947851,True,True
80,135960199,131.17000000,0.15200000,19.93784000,1585629950206,False,True
81,135960200,131.17000000,0.00049000,0.06427330,1585629950235,False,True
82,135960201,131.18000000,0.09143000,11.99378740,1585629950235,False,True
83,135960202,131.12000000,0.15246000,19.99055520,1585629950374,True,True
84,135960203,131.12000000,3.81141000,499.75207920,1585629950374,True,True
85,135960204,131.11000000,7.62340000,999.50397400,1585629950374,True,True
86,135960205,131.11000000,3.81593000,500.30658230,1585629950374,True,True
87,135960206,131.11000000,2.89086000,379.02065460,1585629950374,True,True
88,135960207,131.10000000,14.00000000,1835.40000000,1585629950374,True,True
89,135960208,131.10000000,5.71286000,748.95594600,1585629950374,True,True
90,135960209,131.17000000,0.15246000,19.99817820,1585629950509,False,True
91,135960210,131.17000000,9.20554000,1207.49068180,1585629950509,False,True
92,135960211,131.12000000,10.00000000,1311.20000000,1585629952892,True,True
93,135960212,131.11000000,0.15246000,19.98903060,1585629952892,True,True
94,135960213,131.11000000,27.85249000,3651.73996390,1585629952892,True,True
95,135960214,131.17000000,0.79400000,104.14898000,1585629954064,False,True
96,135960215,131.12000000,0.76500000,100.30680000,1585629955421,True,True
97,135960216,131.12000000,3.81170000,499.79010400,1585629955421,True,True
98,135960217,131.11000000,26.39229000,3460.29314190,1585629955421,True,True
99,135960218,131.10000000,3.90575000,512.04382500,1585629955421,True,True
100,135960219,131.10000000,1.75721000,230.37023100,1585629955421,True,True
101,135960220,131.10000000,1.37395000,180.12484500,1585629955421,True,True
102,135960221,131.16000000,0.15246000,19.99665360,1585629955514,False,True
103,135960222,131.16000000,9.05354000,1187.46230640,1585629955514,False,True
104,135960223,131.17000000,0.00046000,0.06033820,1585629956469,False,True
105,135960224,131.18000000,0.37500000,49.19250000,1585629956469,False,True
106,135960225,131.19000000,0.15399000,20.20194810,1585629956469,False,True
107,135960226,131.19000000,0.99470000,130.49469300,1585629956469,False,True
108,135960227,131.19000000,0.67174000,88.12557060,1585629956469,False,True
109,135960228,131.19000000,0.19156000,25.13075640,1585629956469,False,True
110,135960229,131.13000000,20.00000000,2622.60000000,1585629957950,True,True
111,135960230,131.11000000,0.15247000,19.99034170,1585629957950,True,True
112,135960231,131.11000000,3.81509000,500.19644990,1585629957950,True,True
113,135960232,131.11000000,3.81185000,499.77165350,1585629957950,True,True
114,135960233,131.10000000,0.38326000,50.24538600,1585629957950,True,True
115,135960234,131.10000000,9.84077000,1290.12494700,1585629957950,True,True
116,135960235,131.18000000,0.08693000,11.40347740,1585629958480,False,True
117,135960236,131.17000000,0.54000000,70.83180000,1585629958880,False,True
118,135960237,131.13000000,0.15245000,19.99076850,1585629960467,True,True
119,135960238,131.11000000,3.81185000,499.77165350,1585629960467,True,True
120,135960239,131.10000000,34.04399000,4463.16708900,1585629960467,True,True
121,135960240,131.16000000,4.70000000,616.45200000,1585629960589,False,True
122,135960241,131.15000000,4.98700000,654.04505000,1585629960703,False,True
123,135960242,131.16000000,0.31300000,41.05308000,1585629960806,False,True
124,135960243,131.15000000,5.55300000,728.27595000,1585629960915,False,True
125,135960244,131.13000000,0.11380000,14.92259400,1585629961456,True,True
126,135960245,131.13000000,4.17215000,547.09402950,1585629962990,True,True
127,135960246,131.12000000,0.20885000,27.38441200,1585629962990,True,True
128,135960247,131.12000000,10.00000000,1311.20000000,1585629962990,True,True
129,135960248,131.12000000,23.62150000,3097.25108000,1585629962990,True,True
130,135960249,131.16000000,0.15251000,20.00321160,1585629963033,False,True
131,135960250,131.14000000,3.15014000,413.10935960,1585629963190,False,True
132,135960251,131.15000000,1.84986000,242.60913900,1585629963190,False,True
133,135960252,131.15000000,4.94200000,648.14330000,1585629963432,False,True
134,135960253,131.15000000,1.23345000,161.76696750,1585629963864,False,True
135,135960254,131.12000000,1.35221000,177.30177520,1585629963886,True,True
136,135960255,131.15000000,2.08117000,272.94544550,1585629965001,False,True
137,135960256,131.14000000,3.81141000,499.82830740,1585629965514,True,True
138,135960257,131.11000000,0.15247000,19.99034170,1585629965514,True,True
139,135960258,131.11000000,9.77675000,1281.82969250,1585629965514,True,True
140,135960259,131.10000000,9.01758000,1182.20473800,1585629965514,True,True
141,135960260,131.10000000,10.00000000,1311.00000000,1585629965514,True,True
142,135960261,131.09000000,0.34100000,44.70169000,1585629965514,True,True
143,135960262,131.09000000,4.90788000,643.37398920,1585629965514,True,True
144,135960263,131.15000000,1.00828000,132.23592200,1585629965547,False,True
145,135960264,131.15000000,1.00146000,131.34147900,1585629966087,False,True
146,135960265,131.13000000,0.19456000,25.51265280,1585629966518,True,True
147,135960266,131.15000000,1.00397000,131.67066550,1585629966640,False,True
148,135960267,131.15000000,0.09128000,11.97137200,1585629966691,False,True
149,135960268,131.15000000,0.15250000,20.00037500,1585629966748,False,True
150,135960269,131.15000000,1.00294000,131.53558100,1585629967185,False,True
151,135960270,131.15000000,2.21800000,290.89070000,1585629967234,False,True
152,135960271,131.15000000,1.00453000,131.74410950,1585629967734,False,True
153,135960272,131.14000000,3.81141000,499.82830740,1585629968039,True,True
154,135960273,131.12000000,10.00000000,1311.20000000,1585629968039,True,True
155,135960274,131.11000000,9.77598000,1281.72873780,1585629968039,True,True
156,135960275,131.11000000,3.38803000,444.20461330,1585629968039,True,True
157,135960276,131.10000000,11.02950000,1445.96745000,1585629968039,True,True
158,135960277,131.15000000,2.51704000,330.10979600,1585629970203,False,True
159,135960278,131.15000000,0.43996000,57.70075400,1585629970203,False,True
160,135960279,131.14000000,2.49673000,327.42117220,1585629970564,True,True
161,135960280,131.13000000,35.50300000,4655.50839000,1585629970564,True,True
162,135960281,131.15000000,10.00000000,1311.50000000,1585629970632,False,True
163,135960282,131.13000000,0.07720000,10.12323600,1585629971347,True,True
164,135960283,131.09000000,4.96104000,650.34273360,1585629972344,False,True
165,135960284,131.09000000,10.00000000,1310.90000000,1585629973084,True,True
166,135960285,131.08000000,28.01365000,3672.02924200,1585629973084,True,True
167,135960286,131.09000000,4.98839000,653.92804510,1585629975898,False,True
168,135960287,131.09000000,0.00019000,0.02490710,1585629975909,False,True
169,135960288,131.10000000,0.17500000,22.94250000,1585629975909,False,True
170,135960289,131.11000000,0.15256000,20.00214160,1585629975926,False,True
171,135960290,131.11000000,1.55944000,204.45817840,1585629975972,False,True
172,135960291,131.11000000,1.71200000,224.46032000,1585629975972,False,True
173,135960292,131.12000000,2.45889000,322.40965680,1585629975972,False,True
174,135960293,131.13000000,3.47220000,455.30958600,1585629975974,False,True
175,135960294,131.13000000,0.62780000,82.32341400,1585629976007,False,True
176,135960295,131.15000000,0.15256000,20.00824400,1585629976177,False,True
177,135960296,131.14000000,9.78544000,1283.26260160,1585629976297,True,True
178,135960297,131.15000000,0.10165000,13.33139750,1585629976501,True,True
179,135960298,131.17000000,0.09206000,12.07551020,1585629976917,False,True
180,135960299,131.12000000,0.61611000,80.78434320,1585629978137,True,True
181,135960300,131.12000000,36.25385000,4753.60481200,1585629978137,True,True
182,135960301,131.16000000,0.15250000,20.00190000,1585629978714,False,True
183,135960302,131.16000000,3.00000000,393.48000000,1585629979841,False,True
184,135960303,131.17000000,0.09176000,12.03615920,1585629987181,False,True
185,135960304,131.13000000,0.27285000,35.77882050,1585629993155,False,True
186,135960305,131.13000000,1.00000000,131.13000000,1585629994118,False,True
187,135960306,131.13000000,0.08588000,11.26144440,1585629997385,False,True
188,135960307,131.10000000,1.89105000,247.91665500,1585629998793,True,True
189,135960308,131.13000000,0.15254000,20.00257020,1585630001651,False,True
190,135960309,131.13000000,1.00000000,131.13000000,1585630001658,False,True
191,135960310,131.11000000,0.07634000,10.00893740,1585630003438,True,True
192,135960311,131.11000000,0.15256000,20.00214160,1585630004928,False,True
193,135960312,131.11000000,1.29855000,170.25289050,1585630006495,False,True
194,135960313,131.10000000,4.30394000,564.24653400,1585630006705,True,True
195,135960314,131.09000000,3.81170000,499.67575300,1585630006756,True,True
196,135960315,131.08000000,19.28410000,2527.75982800,1585630006799,True,True
197,135960316,131.08000000,3.80800000,499.15264000,1585630006814,True,True
198,135960317,131.08000000,25.18829000,3301.68105320,1585630006833,True,True
199,135960318,131.08000000,0.82400000,108.00992000,1585630006833,True,True
200,135960319,131.08000000,9.77298000,1281.04221840,1585630006833,True,True
201,135960320,131.07000000,5.71286000,748.78456020,1585630006920,True,True
202,135960321,131.07000000,1.76713000,231.61772910,1585630006970,True,True
203,135960322,131.07000000,0.00001000,0.00131070,1585630007016,True,True
204,135960323,131.06000000,3.61180000,473.36250800,1585630007095,True,True
205,135960324,131.06000000,0.10000000,13.10600000,1585630007095,True,True
206,135960325,131.05000000,1.00704000,131.97259200,1585630007216,True,True
207,135960326,131.05000000,3.65648000,479.18170400,1585630007216,True,True
208,135960327,131.05000000,0.17073000,22.37416650,1585630007400,False,True
209,135960328,131.05000000,2.45681000,321.96495050,1585630007400,False,True
210,135960329,131.05000000,1.08531000,142.22987550,1585630007400,False,True
211,135960330,131.05000000,0.08909000,11.67524450,1585630007603,False,True
212,135960331,131.05000000,4.34101000,568.88936050,1585630007642,False,True
213,135960332,131.05000000,2.00000000,262.10000000,1585630007904,False,True
214,135960333,131.05000000,0.25700000,33.67985000,1585630008038,False,True
215,135960334,131.05000000,0.15261000,19.99954050,1585630008412,False,True
216,135960335,131.05000000,7.59039000,994.72060950,1585630008575,False,True
217,135960336,131.06000000,9.14874000,1199.03386440,1585630013905,False,True
218,135960337,131.06000000,0.85100000,111.53206000,1585630016101,False,True
219,135960338,131.06000000,0.00026000,0.03407560,1585630016172,False,True
220,135960339,131.09000000,0.10973000,14.38450570,1585630016172,False,True
221,135960340,131.06000000,2.90200000,380.33612000,1585630016314,False,True
222,135960341,131.06000000,0.09017000,11.81768020,1585630017840,False,True
223,135960342,131.06000000,2.73700000,358.71122000,1585630022002,False,True
224,135960343,131.06000000,3.33698000,437.34459880,1585630022310,False,True
225,135960344,131.06000000,0.93385000,122.39038100,1585630022312,False,True
226,135960345,131.06000000,0.20000000,26.21200000,1585630022312,False,True
227,135960346,131.08000000,10.00000000,1310.80000000,1585630022580,False,True
228,135960347,131.10000000,10.00000000,1311.00000000,1585630023159,False,True
229,135960348,131.12000000,2.31966000,304.15381920,1585630023225,False,True
230,135960349,131.12000000,2.83330000,371.50229600,1585630023594,False,True
231,135960350,131.13000000,0.21719000,28.48012470,1585630023971,False,True
232,135960351,131.13000000,0.29881000,39.18295530,1585630023971,False,True
233,135960352,131.12000000,4.98744000,653.95313280,1585630024020,True,True
234,135960353,131.12000000,4.98763000,653.97804560,1585630024624,False,True
235,135960354,131.13000000,0.01237000,1.62207810,1585630024624,False,True
236,135960355,131.13000000,1.00000000,131.13000000,1585630024806,False,True
237,135960356,131.13000000,9.00000000,1180.17000000,1585630025487,False,True
238,135960357,131.13000000,0.15254000,20.00257020,1585630025513,False,True
239,135960358,131.13000000,7.62631000,1000.03803030,1585630025546,False,True
240,135960359,131.15000000,0.29993000,39.33581950,1585630028001,False,True
241,135960360,131.15000000,0.09209000,12.07760350,1585630028068,False,True
242,135960361,131.14000000,1.00030000,131.17934200,1585630028751,True,True
243,135960362,131.13000000,1.08790000,142.65632700,1585630030380,True,True
244,135960363,131.16000000,0.29993000,39.33881880,1585630032021,False,True
245,135960364,131.13000000,0.07719000,10.12192470,1585630035375,True,True
246,135960365,131.14000000,0.19221000,25.20641940,1585630035537,False,True
247,135960366,131.14000000,0.79757000,104.59332980,1585630035537,False,True
248,135960367,131.16000000,0.08975000,11.77161000,1585630036303,False,True
249,135960368,131.13000000,0.30300000,39.73239000,1585630036852,True,True
250,135960369,131.15000000,2.43082000,318.80204300,1585630039298,False,True
251,135960370,131.16000000,0.11025000,14.46039000,1585630039298,False,True
252,135960371,131.16000000,5.05386000,662.86427760,1585630039298,False,True
253,135960372,131.16000000,15.24971000,2000.15196360,1585630039298,False,True
254,135960373,131.16000000,2.31109000,303.12256440,1585630039298,False,True
255,135960374,131.17000000,17.93418000,2352.42639060,1585630039298,False,True
256,135960375,131.17000000,1.66216000,218.02552720,1585630039298,False,True
257,135960376,131.18000000,14.00000000,1836.52000000,1585630039298,False,True
258,135960377,131.19000000,9.16112000,1201.84733280,1585630039298,False,True
259,135960378,131.19000000,14.00000000,1836.66000000,1585630039298,False,True
260,135960379,131.19000000,4.10000000,537.87900000,1585630039298,False,True
261,135960380,131.19000000,10.00088000,1312.01544720,1585630039298,False,True
262,135960381,131.19000000,1.75718000,230.52444420,1585630039298,False,True
263,135960382,131.19000000,1.75718000,230.52444420,1585630039298,False,True
264,135960383,131.19000000,1.75718000,230.52444420,1585630039298,False,True
265,135960384,131.19000000,1.75718000,230.52444420,1585630039298,False,True
266,135960385,131.19000000,1.75718000,230.52444420,1585630039298,False,True
267,135960386,131.19000000,1.75718000,230.52444420,1585630039298,False,True
268,135960387,131.19000000,1.75718000,230.52444420,1585630039298,False,True
269,135960388,131.19000000,1.75718000,230.52444420,1585630039298,False,True
270,135960389,131.19000000,1.75718000,230.52444420,1585630039298,False,True
271,135960390,131.19000000,1.75718000,230.52444420,1585630039298,False,True
272,135960391,131.20000000,226.41413000,29705.53385600,1585630039298,False,True
273,135960392,131.15000000,2.05970000,270.12965500,1585630039518,True,True
274,135960393,131.16000000,0.09700000,12.72252000,1585630039743,True,True
275,135960394,131.16000000,0.16294000,21.37121040,1585630043790,True,True
276,135960395,131.16000000,0.21446000,28.12857360,1585630045090,True,True
277,135960396,131.17000000,0.08883000,11.65183110,1585630046562,False,True
278,135960397,131.16000000,0.06228000,8.16864480,1585630047505,True,True
279,135960398,131.15000000,0.43437000,56.96762550,1585630050280,True,True
280,135960399,131.17000000,1.94180000,254.70590600,1585630050989,False,True
281,135960400,131.17000000,6.05794000,794.61998980,1585630051006,True,True
282,135960401,131.17000000,0.01965000,2.57749050,1585630054423,True,True
283,135960402,131.17000000,0.38421000,50.39682570,1585630054423,True,True
284,135960403,131.17000000,0.09024000,11.83678080,1585630056790,False,True
285,135960404,131.17000000,0.27282000,35.78579940,1585630056923,False,True
286,135960405,131.17000000,0.93111000,122.13369870,1585630058907,False,True
287,135960406,131.17000000,3.81037000,499.80623290,1585630058907,False,True
288,135960407,131.17000000,2.88221000,378.05948570,1585630058907,False,True
289,135960408,131.16000000,0.37289000,48.90825240,1585630060336,True,True
290,135960409,131.17000000,1.21778000,159.73620260,1585630062117,False,True
291,135960410,131.17000000,0.00001000,0.00131170,1585630062129,False,True
292,135960411,131.19000000,0.37046000,48.60064740,1585630062129,False,True
293,135960412,131.20000000,2.54731000,334.20707200,1585630062129,False,True
294,135960413,131.20000000,5.27488000,692.06425600,1585630062130,False,True
295,135960414,131.20000000,4.25758000,558.59449600,1585630062138,False,True
296,135960415,131.20000000,22.50000000,2952.00000000,1585630062139,False,True
297,135960416,131.20000000,6.28220000,824.22464000,1585630062144,False,True
298,135960417,131.20000000,1.21780000,159.77536000,1585630062145,False,True
299,135960418,131.20000000,5.88021000,771.48355200,1585630062159,False,True
300,135960419,131.20000000,44.70994000,5865.94412800,1585630062237,False,True
301,135960420,131.19000000,4.10000000,537.87900000,1585630062310,False,True
302,135960421,131.20000000,0.15249000,20.00668800,1585630062362,False,True
303,135960422,131.20000000,10.02400000,1315.14880000,1585630062416,False,True
304,135960423,131.20000000,148.01513000,19419.58505600,1585630062653,False,True
305,135960424,131.20000000,1.61513000,211.90505600,1585630062653,False,True
306,135960425,131.20000000,7.51000000,985.31200000,1585630062653,False,True
307,135960426,131.20000000,2.77255000,363.75856000,1585630062848,True,True
308,135960427,131.20000000,1.88403000,247.18473600,1585630062848,True,True
309,135960428,131.20000000,10.00000000,1312.00000000,1585630062951,True,True
310,135960429,131.20000000,0.32500000,42.64000000,1585630062951,True,True
311,135960430,131.20000000,10.00000000,1312.00000000,1585630063062,True,True
312,135960431,131.20000000,0.34901000,45.79011200,1585630065492,True,True
313,135960432,131.21000000,0.08681000,11.39034010,1585630066981,False,True
314,135960433,131.20000000,0.07785000,10.21392000,1585630067064,True,True
315,135960434,131.20000000,0.33050000,43.36160000,1585630067443,True,True
316,135960435,131.21000000,10.74200000,1409.45782000,1585630069387,False,True
317,135960436,131.20000000,1.71200000,224.61440000,1585630070948,True,True
318,135960437,131.20000000,0.84972000,111.48326400,1585630070948,True,True
319,135960438,131.20000000,1.66100000,217.92320000,1585630075670,False,True
320,135960439,131.21000000,0.00044000,0.05773240,1585630075756,False,True
321,135960440,131.21000000,1.41084000,185.11631640,1585630075756,False,True
322,135960441,131.23000000,0.09130000,11.98129900,1585630077240,False,True
323,135960442,131.18000000,10.00000000,1311.80000000,1585630078228,True,True
324,135960443,131.18000000,1.99948000,262.29178640,1585630078228,True,True
325,135960444,131.17000000,9.77093000,1281.65288810,1585630078324,True,True
326,135960445,131.17000000,10.00000000,1311.70000000,1585630078324,True,True
327,135960446,131.16000000,5.45986000,716.11523760,1585630078324,True,True
328,135960447,131.17000000,3.33562000,437.53327540,1585630078356,True,True
329,135960448,131.16000000,0.80632000,105.75693120,1585630078715,True,True
330,135960449,131.15000000,0.10000000,13.11500000,1585630078830,True,True
331,135960450,131.14000000,0.08255000,10.82560700,1585630078901,True,True
332,135960451,131.15000000,0.82193000,107.79611950,1585630078925,False,True
333,135960452,131.15000000,4.16437000,546.15712550,1585630079049,False,True
334,135960453,131.15000000,0.94963000,124.54397450,1585630079049,False,True
335,135960454,131.14000000,0.28925000,37.93224500,1585630079314,True,True
336,135960455,131.13000000,4.40146000,577.16344980,1585630081002,True,True
337,135960456,131.12000000,1.00000000,131.12000000,1585630081002,True,True
338,135960457,131.12000000,6.59059000,864.15816080,1585630081002,True,True
339,135960458,131.12000000,0.24554000,32.19520480,1585630081205,True,True
340,135960459,131.12000000,0.12216000,16.01761920,1585630081506,True,True
341,135960460,131.11000000,0.59155000,77.55812050,1585630085832,True,True
342,135960461,131.13000000,0.08444000,11.07261720,1585630087450,False,True
343,135960462,131.10000000,0.09700000,12.71670000,1585630097147,False,True
344,135960463,131.10000000,0.09054000,11.86979400,1585630097679,False,True
345,135960464,131.10000000,1.24523000,163.24965300,1585630100669,False,True
346,135960465,131.12000000,0.38840000,50.92700800,1585630100669,False,True
347,135960466,131.13000000,3.36637000,441.43209810,1585630100669,False,True
348,135960467,131.13000000,0.15254000,20.00257020,1585630103568,False,True
349,135960468,131.13000000,6.48109000,849.86533170,1585630103907,False,True
350,135960469,131.13000000,1.14492000,150.13335960,1585630103907,False,True
351,135960470,131.12000000,1.69300000,221.98616000,1585630104393,True,True
352,135960471,131.12000000,1.87430000,245.75821600,1585630106778,False,True
353,135960472,131.12000000,0.08840000,11.59100800,1585630107931,False,True
354,135960473,131.12000000,1.00000000,131.12000000,1585630108774,False,True
355,135960474,131.11000000,4.98782000,653.95308020,1585630108897,True,True
356,135960475,131.10000000,3.47400000,455.44140000,1585630110753,False,True
357,135960476,131.10000000,0.30000000,39.33000000,1585630112339,False,True
358,135960477,131.10000000,1.33587000,175.13255700,1585630112943,False,True
359,135960478,131.08000000,1.00000000,131.08000000,1585630117450,False,True
360,135960479,131.06000000,7.50000000,982.95000000,1585630117458,True,True
361,135960480,131.06000000,1.58189000,207.32250340,1585630117469,True,True
362,135960481,131.06000000,7.99999000,1048.47868940,1585630117469,True,True
363,135960482,131.06000000,3.16857000,415.27278420,1585630117469,True,True
364,135960483,131.06000000,3.81272000,499.69508320,1585630117469,True,True
365,135960484,131.06000000,5.03294000,659.61711640,1585630117469,True,True
366,135960485,131.05000000,1.62908000,213.49093400,1585630117476,True,True
367,135960486,131.05000000,0.90390000,118.45609500,1585630117479,True,True
368,135960487,131.05000000,3.09697000,405.85791850,1585630117535,True,True
369,135960488,131.05000000,7.51000000,984.18550000,1585630117535,True,True
370,135960489,131.05000000,0.24000000,31.45200000,1585630117535,True,True
371,135960490,131.04000000,19.23000000,2519.89920000,1585630117535,True,True
372,135960491,131.04000000,0.10000000,13.10400000,1585630117535,True,True
373,135960492,131.04000000,2.00000000,262.08000000,1585630117817,False,True
374,135960493,131.04000000,1.26875000,166.25700000,1585630117880,False,True
375,135960494,131.04000000,2.80075000,367.01028000,1585630117880,False,True
376,135960495,131.04000000,0.27250000,35.70840000,1585630117880,False,True
377,135960496,131.03000000,1.00000000,131.03000000,1585630117936,False,True
378,135960497,131.04000000,3.34200000,437.93568000,1585630117936,False,True
379,135960498,131.03000000,0.08580000,11.24237400,1585630118138,False,True
380,135960499,131.03000000,1.00000000,131.03000000,1585630118520,False,True
381,135960500,131.01000000,0.29723000,38.94010230,1585630120382,True,True
382,135960501,131.01000000,48.47931000,6351.27440310,1585630121015,True,True
383,135960502,131.01000000,1.22346000,160.28549460,1585630121029,True,True
384,135960503,131.01000000,0.78892000,103.35640920,1585630121029,True,True
385,135960504,131.00000000,1.00000000,131.00000000,1585630121065,True,True
386,135960505,131.00000000,3.82540000,501.12740000,1585630121065,True,True
387,135960506,131.00000000,62.93704000,8244.75224000,1585630121065,True,True
388,135960507,131.00000000,0.10000000,13.10000000,1585630121065,True,True
389,135960508,130.99000000,1.58692000,207.87065080,1585630121341,False,True
390,135960509,130.96000000,0.17594000,23.04110240,1585630121764,True,True
391,135960510,130.96000000,0.81566000,106.81883360,1585630121764,True,True
392,135960511,130.96000000,0.08385000,10.98099600,1585630121764,True,True
393,135960512,130.97000000,0.31160000,40.81025200,1585630121839,False,True
394,135960513,130.98000000,0.39120000,51.23937600,1585630122825,False,True
395,135960514,130.98000000,1.32080000,172.99838400,1585630122840,False,True
396,135960515,130.98000000,1.67920000,219.94161600,1585630122840,False,True
397,135960516,130.98000000,0.03280000,4.29614400,1585630122841,False,True
398,135960517,130.98000000,0.07888000,10.33170240,1585630122841,False,True
399,135960518,131.00000000,8.56423000,1121.91413000,1585630122969,False,True
400,135960519,130.98000000,1.00899000,132.15751020,1585630126488,False,True
401,135960520,130.99000000,2.00000000,261.98000000,1585630126488,False,True
402,135960521,131.00000000,1.79409000,235.02579000,1585630126488,False,True
403,135960522,130.97000000,0.14400000,18.85968000,1585630128122,True,True
404,135960523,130.96000000,0.08591000,11.25077360,1585630128362,True,True
405,135960524,130.96000000,4.00000000,523.84000000,1585630128691,False,True
406,135960525,130.97000000,2.01100000,263.38067000,1585630128893,False,True
407,135960526,130.97000000,1.14953000,150.55394410,1585630136663,True,True
408,135960527,130.98000000,0.08676000,11.36382480,1585630138594,False,True
409,135960528,130.98000000,0.19999000,26.19469020,1585630141790,False,True
410,135960529,130.98000000,0.00001000,0.00130980,1585630143994,False,True
411,135960530,130.98000000,1.18815000,155.62388700,1585630143994,False,True
412,135960531,130.99000000,0.81800000,107.14982000,1585630144631,False,True
413,135960532,130.99000000,0.08801000,11.52842990,1585630148822,False,True
414,135960533,130.99000000,1.75876000,230.37997240,1585630148909,False,True
415,135960534,131.00000000,4.10000000,537.10000000,1585630148909,False,True
416,135960535,131.01000000,10.00000000,1310.10000000,1585630149061,False,True
417,135960536,131.02000000,4.09999000,537.18068980,1585630149095,False,True
418,135960537,131.02000000,0.00001000,0.00131020,1585630149303,False,True
419,135960538,131.03000000,2.85100000,373.56653000,1585630150321,True,True
420,135960539,131.02000000,17.27128000,2262.88310560,1585630150805,True,True
421,135960540,131.02000000,2.84624000,372.91436480,1585630150805,True,True
422,135960541,131.02000000,0.24000000,31.44480000,1585630150805,True,True
423,135960542,131.01000000,10.00000000,1310.10000000,1585630150805,True,True
424,135960543,131.01000000,11.44655000,1499.61251550,1585630150805,True,True
425,135960544,131.00000000,8.19593000,1073.66683000,1585630150805,True,True
426,135960545,131.02000000,5.00000000,655.10000000,1585630151270,False,True
427,135960546,131.02000000,0.32400000,42.45048000,1585630152336,True,True
428,135960547,131.04000000,10.00000000,1310.40000000,1585630152565,False,True
429,135960548,131.05000000,2.84536000,372.88442800,1585630152583,False,True
430,135960549,131.06000000,2.42939000,318.39585340,1585630152590,False,True
431,135960550,131.06000000,0.60000000,78.63600000,1585630152726,False,True
432,135960551,131.05000000,4.98900000,653.80845000,1585630152965,True,True
433,135960552,131.03000000,8.83487000,1157.63301610,1585630154345,True,True
434,135960553,131.03000000,2.69513000,353.14288390,1585630154345,True,True
435,135960554,131.02000000,3.25834000,426.90770680,1585630155114,False,True
436,135960555,131.03000000,0.09357000,12.26047710,1585630155295,False,True
437,135960556,131.01000000,1.90000000,248.91900000,1585630158545,True,True
438,135960557,131.01000000,0.08918000,11.68347180,1585630159067,False,True
439,135960558,131.01000000,0.21016000,27.53306160,1585630160154,False,True
440,135960559,131.02000000,0.28984000,37.97483680,1585630160154,False,True
441,135960560,131.02000000,1.22541000,160.55321820,1585630165381,True,True
442,135960561,131.05000000,0.08919000,11.68834950,1585630167304,False,True
443,135960562,131.02000000,1.68900000,221.29278000,1585630168404,True,True
444,135960563,131.01000000,1.64576000,215.61101760,1585630170034,True,True
445,135960564,131.02000000,1.66300000,217.88626000,1585630171489,True,True
446,135960565,131.01000000,0.76898000,100.74406980,1585630172207,True,True
447,135960566,131.03000000,4.99105000,653.97728150,1585630172248,False,True
448,135960567,131.04000000,0.00895000,1.17280800,1585630172248,False,True
449,135960568,131.02000000,1.66368000,217.97535360,1585630172499,True,True
450,135960569,131.01000000,3.33132000,436.43623320,1585630172499,True,True
451,135960570,131.02000000,1.75600000,230.07112000,1585630172879,True,True
452,135960571,131.02000000,1.66300000,217.88626000,1585630173519,True,True
453,135960572,131.03000000,4.99105000,653.97728150,1585630174970,False,True
454,135960573,131.04000000,0.00058000,0.07600320,1585630174970,False,True
455,135960574,131.02000000,1.66300000,217.88626000,1585630176192,True,True
456,135960575,131.01000000,4.25394000,557.30867940,1585630176539,True,True
457,135960576,131.01000000,45.74606000,5993.19132060,1585630176539,True,True
458,135960577,131.00000000,9.52450000,1247.70950000,1585630176647,True,True
459,135960578,131.00000000,0.47550000,62.29050000,1585630176650,True,True
460,135960579,131.00000000,1.77581000,232.63111000,1585630176650,True,True
461,135960580,131.00000000,3.86152000,505.85912000,1585630176652,True,True
462,135960581,131.00000000,2.19487000,287.52797000,1585630176668,True,True
463,135960582,130.99000000,5.20900000,682.32691000,1585630177074,True,True
464,135960583,131.00000000,0.09161000,12.00091000,1585630177515,False,True
465,135960584,131.00000000,23.69035000,3103.43585000,1585630179490,False,True
466,135960585,130.99000000,1.86977000,244.92117230,1585630182695,True,True
467,135960586,131.00000000,0.08465000,11.08915000,1585630187751,False,True
468,135960587,130.99000000,2.10752000,276.06404480,1585630191390,True,True
469,135960588,131.00000000,0.10000000,13.10000000,1585630193026,False,True
470,135960589,131.00000000,0.10000000,13.10000000,1585630193058,False,True
471,135960590,131.01000000,0.90000000,117.90900000,1585630193058,False,True
472,135960591,131.00000000,2.91584000,381.97504000,1585630193909,False,True
473,135960592,131.00000000,0.08802000,11.53062000,1585630195982,False,True
474,135960593,130.99000000,0.20512000,26.86866880,1585630196474,True,True
475,135960594,130.99000000,0.18560000,24.31174400,1585630197507,True,True
476,135960595,130.99000000,4.72129000,618.44177710,1585630200688,True,True
477,135960596,130.96000000,2.00000000,261.92000000,1585630200711,True,True
478,135960597,130.95000000,0.25505000,33.39879750,1585630200711,True,True
479,135960598,130.95000000,2.02000000,264.51900000,1585630201424,False,True
480,135960599,130.94000000,5.44066000,712.40002040,1585630202051,True,True
481,135960600,130.94000000,3.79999000,497.57069060,1585630202051,True,True
482,135960601,130.93000000,0.60893000,79.72720490,1585630202284,False,True
483,135960602,130.93000000,0.26511000,34.71085230,1585630202381,False,True
484,135960603,130.91000000,1.30795000,171.22373450,1585630202616,True,True
485,135960604,130.92000000,0.62820000,82.24394400,1585630202632,False,True
486,135960605,130.90000000,19.23000000,2517.20700000,1585630202874,True,True
487,135960606,130.89000000,0.50100000,65.57589000,1585630202926,True,True
488,135960607,130.89000000,1.01856000,133.31931840,1585630202926,True,True
489,135960608,130.89000000,6.74826000,883.27975140,1585630202939,True,True
490,135960609,130.88000000,2.04670000,267.87209600,1585630203289,False,True
491,135960610,130.87000000,25.00000000,3271.75000000,1585630204360,True,True
492,135960611,130.87000000,3.52051000,460.72914370,1585630204409,False,True
493,135960612,130.85000000,0.30000000,39.25500000,1585630204519,True,True
494,135960613,130.85000000,2.30000000,300.95500000,1585630204524,True,True
495,135960614,130.85000000,2.00000000,261.70000000,1585630204528,True,True
496,135960615,130.85000000,1.01147000,132.35084950,1585630204567,True,True
497,135960616,130.85000000,0.32083000,41.98060550,1585630204805,True,True
498,135960617,130.84000000,0.09500000,12.42980000,1585630204805,True,True
499,135960618,130.83000000,1.46417000,191.55736110,1585630204805,True,True
