,id,price,qty,quoteQty,time,isBuyerMaker,isBestMatch
0,138327558,171.99000000,0.06562000,11.28598380,1586390976030,False,True
1,138327559,171.98000000,0.20900000,35.94382000,1586390976192,False,True
2,138327560,171.98000000,1.00000000,171.98000000,1586390976574,True,True
3,138327561,171.97000000,0.17508000,30.10850760,1586390976574,True,True
4,138327562,171.96000000,3.42876000,589.60956960,1586390976574,True,True
5,138327563,171.97000000,0.11600000,19.94852000,1586390976736,False,True
6,138327564,171.97000000,4.91050000,844.45868500,1586390977364,False,True
7,138327565,171.97000000,1.39750000,240.32807500,1586390977364,False,True
8,138327566,171.97000000,0.28173000,48.44910810,1586390977650,True,True
9,138327567,171.98000000,1.01056000,173.79610880,1586390979950,False,True
10,138327568,171.98000000,0.06111000,10.50969780,1586390981123,False,True
11,138327569,171.99000000,0.09745000,16.76042550,1586390981212,False,True
12,138327570,171.99000000,3.63001000,624.32541990,1586390981212,False,True
13,138327571,171.99000000,1.45438000,250.13881620,1586390981212,False,True
14,138327572,171.99000000,1.10887000,190.71455130,1586390981212,False,True
15,138327573,171.97000000,6.00000000,1031.82000000,1586390982843,True,True
16,138327574,171.96000000,13.91000000,2391.96360000,1586390982901,True,True
17,138327575,171.95000000,5.52642000,950.26791900,1586390982940,True,True
18,138327576,171.95000000,0.47358000,81.43208100,1586390982944,True,True
19,138327577,171.91000000,0.51393000,88.34970630,1586390983083,True,True
20,138327578,171.91000000,0.31829000,54.71723390,1586390983083,True,True
21,138327579,171.89000000,0.11635000,19.99940150,1586390983083,True,True
22,138327580,171.89000000,0.05143000,8.84030270,1586390983083,True,True
23,138327581,171.92000000,0.22600000,38.85392000,1586390983348,False,True
24,138327582,171.91000000,0.08000000,13.75280000,1586390984044,False,True
25,138327583,171.91000000,0.20400000,35.06964000,1586390984078,False,True
26,138327584,171.87000000,0.95130000,163.49993100,1586390984909,True,True
27,138327585,171.92000000,0.06774000,11.64586080,1586390986263,False,True
28,138327586,171.93000000,0.29300000,50.37549000,1586390991543,True,True
29,138327587,171.92000000,0.12231000,21.02753520,1586390993473,True,True
30,138327588,171.92000000,0.69169000,118.91534480,1586390993473,True,True
31,138327589,171.92000000,0.70208000,120.70159360,1586390993473,True,True
32,138327590,171.91000000,2.90492000,499.38479720,1586390993473,True,True
33,138327591,171.98000000,0.06982000,12.00764360,1586390994495,False,True
34,138327592,171.93000000,0.09391000,16.14594630,1586390995721,True,True
35,138327593,171.95000000,0.09760000,16.78232000,1586390996549,False,True
36,138327594,171.98000000,5.41347000,931.00857060,1586390996549,False,True
37,138327595,171.98000000,1.45435000,250.11911300,1586390999329,False,True
38,138327596,171.99000000,4.54565000,781.80634350,1586390999329,False,True
39,138327597,171.98000000,1.07574000,185.00576520,1586391000268,False,True
40,138327598,171.98000000,1.45448000,250.14147040,1586391000460,False,True
41,138327599,171.98000000,1.45452000,250.14834960,1586391000623,False,True
42,138327600,171.98000000,1.45463000,250.16726740,1586391000828,False,True
43,138327601,171.95000000,0.95130000,163.57603500,1586391004311,True,True
44,138327602,171.97000000,5.00000000,859.85000000,1586391004616,False,True
45,138327603,171.98000000,0.06727000,11.56909460,1586391004748,False,True
46,138327604,171.95000000,1.00000000,171.95000000,1586391005235,True,True
47,138327605,171.98000000,1.38685000,238.51046300,1586391006261,False,True
48,138327606,171.95000000,1.93000000,331.86350000,1586391008820,True,True
49,138327607,171.97000000,1.04085000,178.99497450,1586391008950,False,True
50,138327608,171.97000000,2.83884000,488.19531480,1586391012270,False,True
51,138327609,171.99000000,2.90492000,499.61719080,1586391014702,False,True
52,138327610,171.99000000,7.19886000,1238.13193140,1586391014702,False,True
53,138327611,171.99000000,0.06767000,11.63856330,1586391014950,False,True
54,138327612,171.99000000,2.59549000,446.39832510,1586391015834,False,True
55,138327613,171.99000000,2.53294000,435.64035060,1586391016727,False,True
56,138327614,171.98000000,4.40700000,757.91586000,1586391016927,True,True
57,138327615,171.99000000,0.11604000,19.95771960,1586391019374,False,True
58,138327616,171.97000000,0.27086000,46.57979420,1586391020341,True,True
59,138327617,171.98000000,5.02621000,864.40759580,1586391023718,False,True
60,138327618,171.99000000,3.27792000,563.76946080,1586391023718,False,True
61,138327619,171.99000000,6.85096000,1178.29661040,1586391023718,False,True
62,138327620,172.00000000,0.06827000,11.74244000,1586391025182,False,True
63,138327621,171.99000000,2.26100000,388.86939000,1586391025277,True,True
64,138327622,172.00000000,2.18262000,375.41064000,1586391026586,False,True
65,138327623,172.00000000,1.36026000,233.96472000,1586391026586,False,True
66,138327624,172.00000000,3.92952000,675.87744000,1586391026587,False,True
67,138327625,172.00000000,4.88281000,839.84332000,1586391026597,False,True
68,138327626,172.00000000,3.90625000,671.87500000,1586391026598,False,True
69,138327627,172.00000000,2.29379000,394.53188000,1586391026600,False,True
70,138327628,172.00000000,0.28272000,48.62784000,1586391026602,False,True
71,138327629,172.00000000,3.46421000,595.84412000,1586391026602,False,True
72,138327630,172.01000000,11.62790000,2000.11507900,1586391026602,False,True
73,138327631,172.03000000,4.23798000,729.05969940,1586391026616,False,True
74,138327632,172.03000000,7.34489000,1263.54142670,1586391026717,False,True
75,138327633,172.03000000,2.94164000,506.05032920,1586391026717,False,True
76,138327634,172.05000000,7.95693000,1368.98980650,1586391026844,False,True
77,138327635,172.05000000,15.33070000,2637.64693500,1586391026919,False,True
78,138327636,172.05000000,0.19300000,33.20565000,1586391027180,True,True
79,138327637,172.06000000,3.08000000,529.94480000,1586391027302,True,True
80,138327638,172.11000000,1.04000000,178.99440000,1586391029017,False,True
81,138327639,172.10000000,1.00924000,173.69020400,1586391029155,True,True
82,138327640,172.10000000,1.13300000,194.98930000,1586391029281,True,True
83,138327641,172.11000000,1.26517000,217.74840870,1586391029678,False,True
84,138327642,172.11000000,2.69549000,463.92078390,1586391029902,True,True
85,138327643,172.11000000,0.45200000,77.79372000,1586391031361,True,True
86,138327644,172.11000000,10.00000000,1721.10000000,1586391032026,True,True
87,138327645,172.10000000,4.49400000,773.41740000,1586391032171,True,True
88,138327646,172.12000000,0.06508000,11.20156960,1586391033420,False,True
89,138327647,172.11000000,0.16307000,28.06597770,1586391035225,True,True
90,138327648,172.11000000,2.65687000,457.27389570,1586391036013,True,True
91,138327649,172.11000000,10.00000000,1721.10000000,1586391036013,True,True
92,138327650,172.10000000,1.00000000,172.10000000,1586391036599,True,True
93,138327651,172.11000000,0.14525000,24.99897750,1586391036721,False,True
94,138327652,172.08000000,2.20494000,379.42607520,1586391036844,True,True
95,138327653,172.08000000,2.81806000,484.93176480,1586391036863,True,True
96,138327654,172.07000000,10.00000000,1720.70000000,1586391036887,True,True
97,138327655,172.06000000,5.30182000,912.23114920,1586391036903,True,True
98,138327656,172.06000000,0.65838000,113.28086280,1586391036903,True,True
99,138327657,172.05000000,5.00000000,860.25000000,1586391036914,True,True
100,138327658,172.08000000,0.29050000,49.98924000,1586391037038,False,True
101,138327659,172.05000000,1.00000000,172.05000000,1586391037070,True,True
102,138327660,172.03000000,2.43747000,419.31796410,1586391037098,True,True
103,138327661,172.03000000,2.93862000,505.53079860,1586391038501,True,True
104,138327662,172.03000000,4.42100000,760.54463000,1586391038627,True,True
105,138327663,172.04000000,0.14200000,24.42968000,1586391038789,False,True
106,138327664,172.03000000,1.00461000,172.82305830,1586391039038,True,True
107,138327665,172.04000000,0.76700000,131.95468000,1586391039101,False,True
108,138327666,172.04000000,0.32442000,55.81321680,1586391039578,False,True
109,138327667,171.99000000,1.23580000,212.54524200,1586391039716,True,True
110,138327668,171.99000000,1.45138000,249.62284620,1586391039761,True,True
111,138327669,171.99000000,11.84865000,2037.84931350,1586391039908,True,True
112,138327670,171.99000000,0.90844000,156.24259560,1586391040451,False,True
113,138327671,171.98000000,0.51000000,87.70980000,1586391040754,False,True
114,138327672,171.98000000,7.57681000,1303.05978380,1586391040865,False,True
115,138327673,171.98000000,5.11198000,879.15832040,1586391041801,False,True
116,138327674,171.98000000,0.27560000,47.39768800,1586391042079,False,True
117,138327675,171.97000000,2.84669000,489.54527930,1586391042557,True,True
118,138327676,171.97000000,1.05556000,181.52465320,1586391043416,True,True
119,138327677,171.98000000,0.06728000,11.57081440,1586391043668,False,True
120,138327678,171.99000000,7.13100000,1226.46069000,1586391044537,True,True
121,138327679,172.04000000,0.18400000,31.65536000,1586391046741,True,True
122,138327680,172.04000000,0.13100000,22.53724000,1586391047173,True,True
123,138327681,172.04000000,1.37000000,235.69480000,1586391047277,True,True
124,138327682,172.04000000,0.38451000,66.15110040,1586391050502,True,True
125,138327683,172.03000000,0.22087000,37.99626610,1586391051066,False,True
126,138327684,172.02000000,0.29067000,50.00105340,1586391053491,False,True
127,138327685,172.02000000,0.06644000,11.42900880,1586391053902,False,True
128,138327686,172.01000000,1.93000000,331.97930000,1586391054647,True,True
129,138327687,172.04000000,1.01282000,174.24555280,1586391055341,True,True
130,138327688,172.02000000,4.04925000,696.55198500,1586391058275,False,True
131,138327689,171.97000000,0.08388000,14.42484360,1586391059410,True,True
132,138327690,171.98000000,0.98756000,169.84056880,1586391059683,False,True
133,138327691,171.99000000,1.07518000,184.92020820,1586391059815,False,True
134,138327692,172.00000000,0.59000000,101.48000000,1586391060731,True,True
135,138327693,171.99000000,3.81700000,656.48583000,1586391060731,True,True
136,138327694,172.03000000,0.68500000,117.84055000,1586391062448,False,True
137,138327695,172.04000000,1.07100000,184.25484000,1586391062562,False,True
138,138327696,172.04000000,0.06941000,11.94129640,1586391064135,False,True
139,138327697,172.02000000,1.49921000,257.89410420,1586391066044,False,True
140,138327698,172.02000000,0.11600000,19.95432000,1586391066176,False,True
141,138327699,172.03000000,0.47572000,81.83811160,1586391066598,True,True
142,138327700,172.02000000,4.78600000,823.28772000,1586391067894,False,True
143,138327701,172.01000000,0.17100000,29.41371000,1586391068534,False,True
144,138327702,171.98000000,1.33616000,229.79279680,1586391068605,True,True
145,138327703,172.01000000,0.11600000,19.95316000,1586391068847,False,True
146,138327704,172.05000000,1.24254000,213.77900700,1586391071220,False,True
147,138327705,171.98000000,3.06502000,527.12213960,1586391074222,False,True
148,138327706,171.98000000,1.12512000,193.49813760,1586391074329,False,True
149,138327707,171.97000000,10.00000000,1719.70000000,1586391074335,True,True
150,138327708,171.97000000,0.06615000,11.37581550,1586391074395,True,True
151,138327709,171.98000000,5.57200000,958.27256000,1586391074416,False,True
152,138327710,171.97000000,0.21439000,36.86864830,1586391074688,True,True
153,138327711,171.97000000,0.94746000,162.93469620,1586391074688,True,True
154,138327712,171.97000000,0.79284000,136.34469480,1586391075271,True,True
155,138327713,171.97000000,1.21142000,208.32789740,1586391075604,True,True
156,138327714,171.97000000,1.67896000,288.73075120,1586391075609,True,True
157,138327715,171.96000000,10.00000000,1719.60000000,1586391075628,True,True
158,138327716,171.97000000,1.06550000,183.23403500,1586391075652,False,True
159,138327717,171.96000000,0.42600000,73.25496000,1586391075778,False,True
160,138327718,171.94000000,0.63848000,109.78025120,1586391076041,False,True
161,138327719,171.94000000,4.38890000,754.62746600,1586391076041,False,True
162,138327720,171.94000000,1.38183000,237.59185020,1586391076041,False,True
163,138327721,171.94000000,2.04546000,351.69639240,1586391076449,False,True
164,138327722,171.95000000,10.00000000,1719.50000000,1586391076449,False,True
165,138327723,171.95000000,5.02723000,864.43219850,1586391076449,False,True
166,138327724,171.95000000,7.58075000,1303.50996250,1586391076449,False,True
167,138327725,171.96000000,5.02709000,864.45839640,1586391076449,False,True
168,138327726,171.97000000,3.96086000,681.14909420,1586391076449,False,True
169,138327727,171.97000000,25.96198000,4464.68170060,1586391076449,False,True
170,138327728,171.97000000,2.71277000,466.51505690,1586391078928,False,True
171,138327729,171.97000000,1.02460000,176.20046200,1586391079904,False,True
172,138327730,171.96000000,0.09332000,16.04730720,1586391080171,False,True
173,138327731,171.95000000,3.88528000,668.07389600,1586391080844,True,True
174,138327732,171.94000000,5.35616000,920.93815040,1586391080996,True,True
175,138327733,171.94000000,7.69784000,1323.56660960,1586391081006,True,True
176,138327734,171.93000000,10.78600000,1854.43698000,1586391081040,True,True
177,138327735,171.93000000,15.19167000,2611.90382310,1586391081137,True,True
178,138327736,171.90000000,0.43981000,75.60333900,1586391083651,True,True
179,138327737,171.90000000,3.98119000,684.36656100,1586391083651,True,True
180,138327738,171.90000000,0.07038000,12.09832200,1586391084584,True,True
181,138327739,171.94000000,0.06000000,10.31640000,1586391084900,False,True
182,138327740,171.91000000,3.25317000,559.25245470,1586391087254,True,True
183,138327741,171.92000000,0.06752000,11.60803840,1586391094844,True,True
184,138327742,171.91000000,4.35906000,749.36600460,1586391095501,True,True
185,138327743,171.91000000,2.00000000,343.82000000,1586391095502,True,True
186,138327744,171.91000000,3.79854000,653.00701140,1586391095505,True,True
187,138327745,171.89000000,1.93000000,331.74770000,1586391098007,True,True
188,138327746,171.89000000,0.86936000,149.43429040,1586391098975,True,True
189,138327747,171.88000000,4.13064000,709.97440320,1586391098975,True,True
190,138327748,171.88000000,1.01234000,174.00099920,1586391099509,True,True
191,138327749,171.89000000,1.00168000,172.17877520,1586391100051,True,True
192,138327750,171.89000000,1.00086000,172.03782540,1586391100588,True,True
193,138327751,171.88000000,1.00961000,173.53176680,1586391101122,True,True
194,138327752,171.91000000,0.53442000,91.87214220,1586391101736,False,True
195,138327753,171.88000000,2.26626000,389.52476880,1586391102949,True,True
196,138327754,171.88000000,0.59500000,102.26860000,1586391103306,True,True
197,138327755,171.88000000,3.06917000,527.52893960,1586391103775,True,True
198,138327756,171.88000000,4.53840000,780.06019200,1586391104674,True,True
199,138327757,171.88000000,0.07025000,12.07457000,1586391105076,True,True
200,138327758,171.88000000,0.68630000,117.96124400,1586391105129,True,True
201,138327759,171.88000000,0.05203000,8.94291640,1586391106644,True,True
202,138327760,171.85000000,1.46400000,251.58840000,1586391106644,True,True
203,138327761,171.84000000,0.14548000,24.99928320,1586391106644,True,True
204,138327762,171.83000000,0.11633000,19.98898390,1586391106644,True,True
205,138327763,171.83000000,2.62916000,451.76856280,1586391106644,True,True
206,138327764,171.88000000,3.64344000,626.23446720,1586391107702,True,True
207,138327765,171.87000000,4.39277000,754.98537990,1586391107940,False,True
208,138327766,171.88000000,0.20569000,35.35399720,1586391114321,False,True
209,138327767,171.86000000,0.06717000,11.54383620,1586391115281,True,True
210,138327768,171.85000000,3.02185000,519.30492250,1586391115553,True,True
211,138327769,171.85000000,0.20048000,34.45248800,1586391115902,False,True
212,138327770,171.85000000,1.95035000,335.16764750,1586391118087,False,True
213,138327771,171.85000000,4.65008000,799.11624800,1586391118571,True,True
214,138327772,171.86000000,0.41245000,70.88365700,1586391119380,False,True
215,138327773,171.84000000,5.00000000,859.20000000,1586391120187,True,True
216,138327774,171.85000000,1.00000000,171.85000000,1586391120294,True,True
217,138327775,171.85000000,4.00000000,687.40000000,1586391120308,True,True
218,138327776,171.85000000,0.03001000,5.15721850,1586391120311,True,True
219,138327777,171.83000000,1.26999000,218.22238170,1586391120311,True,True
220,138327778,171.83000000,3.00000000,515.49000000,1586391120313,True,True
221,138327779,171.83000000,1.17096000,201.20605680,1586391120320,True,True
222,138327780,171.83000000,2.46006000,422.71210980,1586391120320,True,True
223,138327781,171.82000000,0.32979000,56.66451780,1586391120320,True,True
224,138327782,171.82000000,0.03919000,6.73362580,1586391120320,True,True
225,138327783,171.86000000,0.07300000,12.54578000,1586391120733,False,True
226,138327784,171.83000000,1.00092000,171.98808360,1586391120739,True,True
227,138327785,171.83000000,1.00272000,172.29737760,1586391121272,True,True
228,138327786,171.86000000,0.00015000,0.02577900,1586391121351,False,True
229,138327787,171.86000000,3.41085000,586.18868100,1586391121351,False,True
230,138327788,171.84000000,0.15000000,25.77600000,1586391121809,True,True
231,138327789,171.83000000,0.85000000,146.05550000,1586391121809,True,True
232,138327790,171.83000000,1.00408000,172.53106640,1586391122349,True,True
233,138327791,171.86000000,1.00160000,172.13497600,1586391122843,True,True
234,138327792,171.84000000,0.27203000,46.74563520,1586391122989,True,True
235,138327793,171.83000000,1.53716000,264.13020280,1586391122989,True,True
236,138327794,171.82000000,8.98725000,1544.18929500,1586391122989,True,True
237,138327795,171.86000000,3.04687000,523.63507820,1586391123273,False,True
238,138327796,171.86000000,3.05113000,524.36720180,1586391123273,False,True
239,138327797,171.84000000,1.00045000,171.91732800,1586391123371,True,True
240,138327798,171.87000000,23.24500000,3995.11815000,1586391123485,False,True
241,138327799,171.88000000,2.03265000,349.37188200,1586391124579,False,True
242,138327800,171.86000000,0.06477000,11.13137220,1586391125527,True,True
243,138327801,171.88000000,0.17240000,29.63211200,1586391126564,False,True
244,138327802,171.88000000,2.28429000,392.62376520,1586391127474,False,True
245,138327803,171.88000000,2.62466000,451.12656080,1586391127490,False,True
246,138327804,171.88000000,4.51150000,775.43662000,1586391127501,False,True
247,138327805,171.88000000,3.05699000,525.43544120,1586391127506,False,True
248,138327806,171.88000000,26.77479000,4602.05090520,1586391127507,False,True
249,138327807,171.88000000,3.53373000,607.37751240,1586391127516,False,True
250,138327808,171.88000000,7.05688000,1212.93653440,1586391127524,False,True
251,138327809,171.88000000,1.84651000,317.37813880,1586391127529,False,True
252,138327810,171.90000000,4.42100000,759.96990000,1586391128160,True,True
253,138327811,171.90000000,1.13777000,195.58266300,1586391130369,True,True
254,138327812,171.91000000,18.15400000,3120.85414000,1586391132041,False,True
255,138327813,171.93000000,0.16307000,28.03662510,1586391132257,False,True
256,138327814,171.93000000,3.76090000,646.61153700,1586391132257,False,True
257,138327815,171.97000000,1.07603000,185.04487910,1586391132257,False,True
258,138327816,171.97000000,10.00000000,1719.70000000,1586391132750,True,True
259,138327817,171.97000000,2.52022000,433.40223340,1586391132750,True,True
260,138327818,171.97000000,4.99999000,859.84828030,1586391134528,True,True
261,138327819,171.98000000,2.70503000,465.21105940,1586391135396,False,True
262,138327820,171.99000000,4.78111000,822.30310890,1586391135685,False,True
263,138327821,171.97000000,0.06759000,11.62345230,1586391135751,True,True
264,138327822,171.99000000,2.14470000,368.86695300,1586391139288,False,True
265,138327823,171.97000000,1.39365000,239.66599050,1586391140307,True,True
266,138327824,171.97000000,4.60635000,792.15400950,1586391140487,True,True
267,138327825,171.96000000,6.00000000,1031.76000000,1586391140573,True,True
268,138327826,171.92000000,1.93000000,331.80560000,1586391142884,True,True
269,138327827,171.92000000,0.13800000,23.72496000,1586391143258,False,True
270,138327828,171.94000000,0.26321000,45.25632740,1586391144851,False,True
271,138327829,171.93000000,0.06746000,11.59839780,1586391145988,True,True
272,138327830,171.95000000,4.40700000,757.78365000,1586391151676,True,True
273,138327831,171.96000000,3.85500000,662.90580000,1586391155258,False,True
274,138327832,171.94000000,0.20000000,34.38800000,1586391155524,True,True
275,138327833,171.94000000,4.78970000,823.54101800,1586391155534,True,True
276,138327834,171.96000000,1.75300000,301.44588000,1586391155808,False,True
277,138327835,171.93000000,0.06978000,11.99727540,1586391156219,True,True
278,138327836,171.95000000,3.84300000,660.80385000,1586391159573,False,True
279,138327837,171.96000000,4.00000000,687.84000000,1586391159676,False,True
280,138327838,171.93000000,6.63364000,1140.52172520,1586391161911,True,True
281,138327839,171.94000000,0.20200000,34.73188000,1586391162205,False,True
282,138327840,171.94000000,0.06981000,12.00313140,1586391166434,True,True
283,138327841,171.96000000,4.00000000,687.84000000,1586391170904,True,True
284,138327842,171.95000000,4.00000000,687.80000000,1586391170918,True,True
285,138327843,171.95000000,2.67200000,459.45040000,1586391170922,True,True
286,138327844,171.95000000,0.39958000,68.70778100,1586391170923,True,True
287,138327845,171.94000000,1.11489000,191.69418660,1586391170923,True,True
288,138327846,171.93000000,2.48553000,427.33717290,1586391170923,True,True
289,138327847,171.94000000,5.02738000,864.40771720,1586391171358,False,True
290,138327848,171.94000000,9.69917000,1667.67528980,1586391171358,False,True
291,138327849,171.92000000,4.42100000,760.05832000,1586391173693,True,True
292,138327850,171.93000000,0.15700000,26.99301000,1586391174106,False,True
293,138327851,171.94000000,0.12400000,21.32056000,1586391174313,False,True
294,138327852,171.97000000,2.62397000,451.24412090,1586391175930,True,True
295,138327853,171.97000000,0.06669000,11.46867930,1586391176670,True,True
296,138327854,171.98000000,0.16307000,28.04477860,1586391177197,False,True
297,138327855,172.00000000,3.00000000,516.00000000,1586391177197,False,True
298,138327856,172.01000000,0.15462000,26.59618620,1586391177240,False,True
299,138327857,172.01000000,4.14851000,713.58520510,1586391177240,False,True
300,138327858,172.01000000,0.69686000,119.86688860,1586391177240,False,True
301,138327859,172.02000000,0.78929000,135.77366580,1586391177511,True,True
302,138327860,172.04000000,2.92680000,503.52667200,1586391178769,True,True
303,138327861,172.05000000,6.00000000,1032.30000000,1586391179901,False,True
304,138327862,172.05000000,10.00000000,1720.50000000,1586391179901,False,True
305,138327863,172.05000000,0.25600000,44.04480000,1586391181605,True,True
306,138327864,172.05000000,0.82624000,142.15459200,1586391183919,True,True
307,138327865,172.03000000,5.02400000,864.27872000,1586391184834,True,True
308,138327866,172.01000000,1.16097000,199.69844970,1586391186084,True,True
309,138327867,172.01000000,4.83903000,832.36155030,1586391186187,True,True
310,138327868,172.00000000,1.38690000,238.54680000,1586391186770,False,True
311,138327869,171.97000000,0.06803000,11.69911910,1586391186900,True,True
312,138327870,171.99000000,0.36809000,63.30779910,1586391188845,False,True
313,138327871,171.97000000,0.06103000,10.49532910,1586391188853,True,True
314,138327872,171.95000000,1.86897000,321.36939150,1586391188853,True,True
315,138327873,171.97000000,0.17847000,30.69148590,1586391190057,True,True
316,138327874,171.97000000,0.19947000,34.30285590,1586391192529,True,True
317,138327875,171.98000000,4.40700000,757.91586000,1586391196691,True,True
318,138327876,171.97000000,0.07017000,12.06713490,1586391197150,True,True
319,138327877,171.96000000,4.64522000,798.79203120,1586391198767,True,True
320,138327878,171.96000000,1.35478000,232.96796880,1586391199333,True,True
321,138327879,171.95000000,0.15518000,26.68320100,1586391199333,True,True
322,138327880,172.00000000,0.06757000,11.62204000,1586391207356,True,True
323,138327881,172.01000000,1.30000000,223.61300000,1586391211349,True,True
324,138327882,172.02000000,1.30000000,223.62600000,1586391211384,True,True
325,138327883,172.02000000,1.00000000,172.02000000,1586391211389,True,True
326,138327884,171.99000000,0.68340000,117.53796600,1586391217223,True,True
327,138327885,171.99000000,0.06473000,11.13291270,1586391217405,True,True
328,138327886,171.98000000,4.35627000,749.19131460,1586391217405,True,True
329,138327887,171.98000000,0.06865000,11.80642700,1586391217612,True,True
330,138327888,172.02000000,0.16307000,28.05130140,1586391219919,False,True
331,138327889,172.03000000,0.07000000,12.04210000,1586391224337,True,True
332,138327890,172.03000000,1.14302000,196.63373060,1586391225777,True,True
333,138327891,172.03000000,0.06494000,11.17162820,1586391225820,True,True
334,138327892,172.04000000,0.51187000,88.06211480,1586391228174,False,True
335,138327893,172.03000000,1.46600000,252.19598000,1586391228557,True,True
336,138327894,172.04000000,0.79756000,137.21222240,1586391228693,False,True
337,138327895,172.04000000,3.69050000,634.91362000,1586391231280,False,True
338,138327896,172.04000000,0.00007000,0.01204280,1586391231439,False,True
339,138327897,172.08000000,4.99993000,860.38795440,1586391231439,False,True
340,138327898,172.09000000,1.93000000,332.13370000,1586391232962,True,True
341,138327899,172.09000000,1.00748000,173.37723320,1586391233323,True,True
342,138327900,172.08000000,0.06866000,11.81501280,1586391236075,True,True
343,138327901,172.07000000,0.07600000,13.07732000,1586391236885,True,True
344,138327902,172.10000000,18.71253000,3220.42641300,1586391237058,False,True
345,138327903,172.10000000,0.42213000,72.64857300,1586391237058,False,True
346,138327904,172.10000000,10.00000000,1721.00000000,1586391237058,False,True
347,138327905,172.10000000,0.86077000,148.13851700,1586391237353,True,True
348,138327906,172.10000000,1.13554000,195.42643400,1586391237359,True,True
349,138327907,172.09000000,2.42900000,418.00661000,1586391238136,True,True
350,138327908,172.08000000,0.12823000,22.06581840,1586391238570,True,True
351,138327909,172.10000000,1.66629000,286.76850900,1586391239457,False,True
352,138327910,172.08000000,1.17854000,202.80316320,1586391240320,True,True
353,138327911,172.07000000,2.84939000,490.29453730,1586391240320,True,True
354,138327912,172.07000000,1.00149000,172.32638430,1586391240838,True,True
355,138327913,172.07000000,1.34650000,231.69225500,1586391241367,True,True
356,138327914,172.07000000,1.00045000,172.14743150,1586391241368,True,True
357,138327915,172.10000000,0.18700000,32.18270000,1586391241838,False,True
358,138327916,172.07000000,3.80217000,654.23939190,1586391241891,True,True
359,138327917,172.07000000,0.23426000,40.30911820,1586391241891,True,True
360,138327918,172.04000000,0.37057000,63.75286280,1586391241891,True,True
361,138327919,172.04000000,0.16533000,28.44337320,1586391241899,True,True
362,138327920,172.03000000,0.83551000,143.73278530,1586391241899,True,True
363,138327921,172.08000000,2.71900000,467.88552000,1586391241940,False,True
364,138327922,172.04000000,1.16083000,199.70919320,1586391241956,True,True
365,138327923,172.07000000,0.19700000,33.89779000,1586391242044,False,True
366,138327924,172.07000000,0.19900000,34.24193000,1586391242143,False,True
367,138327925,172.07000000,0.67000000,115.28690000,1586391242253,False,True
368,138327926,172.09000000,1.06600000,183.44794000,1586391242361,False,True
369,138327927,172.05000000,0.18700000,32.17335000,1586391244008,True,True
370,138327928,172.04000000,1.58929000,273.42145160,1586391244008,True,True
371,138327929,172.05000000,0.24601000,42.32602050,1586391244519,True,True
372,138327930,172.04000000,1.03310000,177.73452400,1586391244529,True,True
373,138327931,172.04000000,6.21678000,1069.53483120,1586391244539,True,True
374,138327932,172.04000000,0.15411000,26.51308440,1586391244539,True,True
375,138327933,172.02000000,0.17155000,29.51003100,1586391244612,True,True
376,138327934,172.01000000,8.52824000,1466.94256240,1586391244612,True,True
377,138327935,172.01000000,0.20600000,35.43406000,1586391244612,True,True
378,138327936,172.00000000,0.11627000,19.99844000,1586391244628,True,True
379,138327937,172.00000000,2.56633000,441.40876000,1586391244628,True,True
380,138327938,172.00000000,3.43367000,590.59124000,1586391244669,True,True
381,138327939,171.99000000,1.21020000,208.14229800,1586391244669,True,True
382,138327940,171.99000000,0.11624000,19.99211760,1586391244714,True,True
383,138327941,171.97000000,1.16137000,199.72079890,1586391244798,True,True
384,138327942,171.99000000,0.07400000,12.72726000,1586391244867,False,True
385,138327943,171.98000000,0.15400000,26.48492000,1586391244964,False,True
386,138327944,171.97000000,2.90811000,500.10767670,1586391245007,True,True
387,138327945,171.97000000,1.00077000,172.10241690,1586391245074,True,True
388,138327946,171.97000000,2.92974000,503.82738780,1586391245206,True,True
389,138327947,171.97000000,2.27722000,391.61352340,1586391245206,True,True
390,138327948,171.94000000,5.02700000,864.34238000,1586391245719,False,True
391,138327949,171.93000000,0.06749000,11.60355570,1586391246288,True,True
392,138327950,171.94000000,7.53600000,1295.73984000,1586391247517,False,True
393,138327951,171.94000000,4.66200000,801.58428000,1586391247632,False,True
394,138327952,171.95000000,1.00000000,171.95000000,1586391248362,False,True
395,138327953,171.95000000,1.20000000,206.34000000,1586391248367,False,True
396,138327954,171.95000000,0.06526000,11.22145700,1586391254523,True,True
397,138327955,171.95000000,2.00000000,343.90000000,1586391256633,True,True
398,138327956,171.97000000,4.33000000,744.63010000,1586391257027,False,True
399,138327957,171.99000000,2.28300000,392.65317000,1586391257131,False,True
400,138327958,171.99000000,7.71700000,1327.24683000,1586391257261,False,True
401,138327959,172.00000000,3.71927000,639.71444000,1586391257261,False,True
402,138327960,172.00000000,1.00118000,172.20296000,1586391258472,True,True
403,138327961,171.99000000,0.37308000,64.16602920,1586391260570,True,True
404,138327962,171.98000000,0.06428000,11.05487440,1586391260570,True,True
405,138327963,171.97000000,0.70710000,121.59998700,1586391260570,True,True
406,138327964,171.98000000,0.22503000,38.70065940,1586391260627,True,True
407,138327965,171.98000000,1.45383000,250.02968340,1586391260627,True,True
408,138327966,171.97000000,3.10000000,533.10700000,1586391260627,True,True
409,138327967,171.96000000,51.00000000,8769.96000000,1586391260627,True,True
410,138327968,171.96000000,8.72012000,1499.51183520,1586391260627,True,True
411,138327969,171.96000000,2.20820000,379.72207200,1586391260627,True,True
412,138327970,171.99000000,10.00000000,1719.90000000,1586391261225,False,True
413,138327971,172.00000000,3.58115000,615.95780000,1586391261225,False,True
414,138327972,172.00000000,3.58115000,615.95780000,1586391261225,False,True
415,138327973,172.01000000,10.00000000,1720.10000000,1586391261225,False,True
416,138327974,172.01000000,2.60561000,448.19097610,1586391261225,False,True
417,138327975,172.00000000,0.59964000,103.13808000,1586391261516,True,True
418,138327976,172.00000000,4.42100000,760.41200000,1586391263492,True,True
419,138327977,171.98000000,0.58648000,100.86283040,1586391263612,True,True
420,138327978,171.98000000,0.19725000,33.92305500,1586391264204,True,True
421,138327979,171.97000000,0.84786000,145.80648420,1586391264204,True,True
422,138327980,171.97000000,0.06955000,11.96051350,1586391264743,True,True
423,138327981,172.01000000,8.96537000,1542.13329370,1586391268734,False,True
424,138327982,171.97000000,0.06996000,12.03102120,1586391274991,True,True
425,138327983,171.97000000,0.11487000,19.75419390,1586391275106,True,True
426,138327984,171.97000000,0.10027000,17.24343190,1586391275106,True,True
427,138327985,171.98000000,0.11900000,20.46562000,1586391277528,False,True
428,138327986,171.99000000,0.16304000,28.04124960,1586391277657,False,True
429,138327987,171.95000000,1.45420000,250.04969000,1586391277791,True,True
430,138327988,171.95000000,0.19493000,33.51821350,1586391277791,True,True
431,138327989,171.95000000,0.28087000,48.29559650,1586391277791,True,True
432,138327990,171.98000000,0.25720000,44.23325600,1586391277871,False,True
433,138327991,171.98000000,0.07700000,13.24246000,1586391277948,False,True
434,138327992,171.98000000,0.00073000,0.12554540,1586391281764,False,True
435,138327993,171.99000000,0.00003000,0.00515970,1586391281764,False,True
436,138327994,172.02000000,0.10142000,17.44626840,1586391281764,False,True
437,138327995,172.02000000,2.96153000,509.44239060,1586391281764,False,True
438,138327996,172.03000000,0.64199000,110.44153970,1586391281836,False,True
439,138327997,172.03000000,0.00001000,0.00172030,1586391281888,False,True
440,138327998,172.06000000,1.00235000,172.46434100,1586391281966,False,True
441,138327999,172.07000000,3.56262000,613.02002340,1586391281966,False,True
442,138328000,172.07000000,5.00000000,860.35000000,1586391282382,False,True
443,138328001,172.09000000,3.02600000,520.74434000,1586391283397,False,True
444,138328002,172.09000000,3.39897000,584.92874730,1586391284073,True,True
445,138328003,172.12000000,0.06856000,11.80054720,1586391285207,False,True
446,138328004,172.11000000,0.43354000,74.61656940,1586391286708,True,True
447,138328005,172.11000000,0.43354000,74.61656940,1586391286813,True,True
448,138328006,172.09000000,4.40700000,758.40063000,1586391286930,True,True
449,138328007,172.09000000,3.71380000,639.10784200,1586391287119,True,True
450,138328008,172.13000000,10.00000000,1721.30000000,1586391288048,False,True
451,138328009,172.13000000,2.90834000,500.61256420,1586391288048,False,True
452,138328010,172.13000000,2.90966000,500.83977580,1586391288048,False,True
453,138328011,172.11000000,0.43354000,74.61656940,1586391288187,True,True
454,138328012,172.11000000,0.43354000,74.61656940,1586391288288,True,True
455,138328013,172.11000000,0.43354000,74.61656940,1586391288397,True,True
456,138328014,172.11000000,0.43354000,74.61656940,1586391288484,True,True
457,138328015,172.10000000,0.12847000,22.10968700,1586391289593,True,True
458,138328016,172.10000000,0.12847000,22.10968700,1586391289595,True,True
459,138328017,172.10000000,0.12847000,22.10968700,1586391289602,True,True
460,138328018,172.10000000,0.08935000,15.37713500,1586391290544,True,True
461,138328019,172.09000000,1.52417000,262.29441530,1586391290544,True,True
462,138328020,172.09000000,0.35503000,61.09711270,1586391292035,True,True
463,138328021,172.09000000,0.48166000,82.88886940,1586391292035,True,True
464,138328022,172.10000000,0.75490000,129.91829000,1586391292806,True,True
465,138328023,172.09000000,2.25024000,387.24380160,1586391293129,True,True
466,138328024,172.09000000,3.06128000,526.81567520,1586391293129,True,True
467,138328025,172.08000000,3.37613000,580.96445040,1586391293284,True,True
468,138328026,172.10000000,0.10087000,17.35972700,1586391293376,False,True
469,138328027,172.09000000,0.06593000,11.34589370,1586391293440,False,True
470,138328028,172.06000000,0.69642000,119.82602520,1586391293966,True,True
471,138328029,172.06000000,0.36021000,61.97773260,1586391294252,True,True
472,138328030,172.06000000,8.62254000,1483.59423240,1586391295487,True,True
473,138328031,172.07000000,2.03127000,349.52062890,1586391296976,False,True
474,138328032,172.07000000,2.99231000,514.88678170,1586391296986,False,True
475,138328033,172.10000000,0.16367000,28.16760700,1586391297547,True,True
476,138328034,172.10000000,0.35680000,61.40528000,1586391297584,True,True
477,138328035,172.09000000,0.65275000,112.33174750,1586391297584,True,True
478,138328036,172.12000000,0.87451000,150.52066120,1586391297742,True,True
479,138328037,172.13000000,0.43354000,74.62524020,1586391298462,True,True
480,138328038,172.13000000,0.43354000,74.62524020,1586391298577,True,True
481,138328039,172.13000000,0.14682000,25.27212660,1586391298584,True,True
482,138328040,172.13000000,0.86259000,148.47761670,1586391298593,True,True
483,138328041,172.12000000,0.43354000,74.62090480,1586391298686,True,True
484,138328042,172.12000000,0.43354000,74.62090480,1586391298793,True,True
485,138328043,172.13000000,5.02183000,864.40759790,1586391298897,True,True
486,138328044,172.12000000,6.10600000,1050.96472000,1586391299226,True,True
487,138328045,172.14000000,0.33000000,56.80620000,1586391300684,False,True
488,138328046,172.14000000,2.90622000,500.27671080,1586391300684,False,True
489,138328047,172.14000000,3.86109000,664.64803260,1586391300684,False,True
490,138328048,172.13000000,0.68007000,117.06044910,1586391301627,True,True
491,138328049,172.15000000,0.06801000,11.70792150,1586391303685,False,True
492,138328050,172.13000000,0.92117000,158.56099210,1586391303763,True,True
493,138328051,172.13000000,0.90000000,154.91700000,1586391303812,True,True
494,138328052,172.12000000,1.20000000,206.54400000,1586391303819,True,True
495,138328053,172.09000000,0.13368000,23.00499120,1586391304346,True,True
496,138328054,172.13000000,7.97886000,1373.40117180,1586391304734,False,True
497,138328055,172.10000000,0.90000000,154.89000000,1586391304796,True,True
498,138328056,172.15000000,6.17849000,1063.62705350,1586391305105,False,True
499,138328057,172.16000000,2.91444000,501.74999040,1586391305105,False,True
